2510 3962
139 501 364 566 mesebon
376 502 433 563 ΙΝ
438 502 501 560 RE
515 502 703 563 MULTUM
713 498 917 576 QUAESITA,
939 502 1088 564 UTRUM

146 605 148 610 '
212 596 459 656 SUFFBAGIA
502 597 623 656 OLAM
649 598 719 659 AN
755 597 914 659 PALAM
940 597 1086 657 FERRE

208 691 371 752 MELIUS
391 691 534 751 essm.
964 735 966 742 .

44 1022 60 1071 c
131 1025 135 1030 .
171 977 398 1136 tgppasnteplsllepn
416 981 471 1132 etset,
487 974 539 1054 qui
552 979 785 1132 tplroptercurve
805 972 1081 1132 mm⁸·bligi⁰{,a·in'

54 1128 59 1140 .
130 1095 178 1136 ern
273 1093 288 1134 s
348 1092 423 1133 een
456 1093 485 1132 ιιι
511 1091 552 1134 aes
589 1093 618 1132 m
645 1091 707 1133 non
733 1092 904 1153 prospexerr
1006 1090 1082 1131 nmo

2 1223 4 1230 ,
64 1235 68 1240 ,
131 1169 193 1229 leni
205 1168 323 1248 quidem
338 1171 372 1228 ec
385 1167 500 1247 placido
513 1187 667 1228 murmure
685 1171 876 1228 ssusurrsnte
889 1166 977 1228 unde
988 1166 1082 1226 fluere

191 1264 288 1343 piunt,
314 1264 460 1323 stantium
480 1263 572 1344 pedes
595 1262 644 1324 vix
666 1261 777 1324 elluere
804 1282 899 1323 eusae:
927 1261 1082 1342 paullatim

36 1416 43 1434 ¹,
173 1378 233 1419 „em
252 1364 381 1438 surgunt
394 1364 426 1418 et
446 1359 570 1419 celerius
591 1359 629 1419 ed
649 1364 760 1420 terrem
780 1367 979 1439 procurrunt3
1001 1378 1082 1434 mox,

44 1479 49 1526 χ
166 1455 264 1534 lleetis
275 1454 398 1524 viribus,
414 1454 520 1535 spumb
531 1453 736 1529 incenescunt‚
750 1459 782 1515 et
802 1459 945 1515 tonantes
966 1452 1081 1523 sonitu,

132 1572 189 1632 :pro
203 1551 331 1631 oppletae
345 1570 432 1612 eures
452 1541 679 1625 cbsurdescunt,
694 1556 779 1612 vesto
799 1569 943 1631 equarum
962 1548 1082 1609 cumulo

128 1649 162 1708 in
174 1649 331 1710 adversum
346 1647 434 1709 littus
447 1646 671 1728 provolvuntur.
714 1646 832 1723 Quibus
846 1646 872 1708 si
885 1645 951 1726 quis
963 1644 1083 1705 inscitie

41 1821 48 1831 Ι
129 1745 239 1805 ductus
260 1749 314 1805 aut
336 1743 494 1825 pueriliter
514 1742 621 1803 ludens
644 1762 785 1804 saxorum
804 1743 851 1804 vel
871 1761 968 1804 arente
987 1740 1082 1802 moles

1 1825 5 1833 ⁴
131 1841 313 1919 opposuerit,
326 1858 486 1920 parumper
499 1838 611 1898 circum
625 1857 714 1917 opere
726 1838 860 1899 fremunt
872 1838 1080 1918 indignantem

130 1955 209 2006 mox,
223 1935 281 1996 illis
295 1936 421 2010 obrutis,
434 1933 604 1996 incitatione
617 1933 646 1995 vi
658 1934 845 1996 incumbunt.

170 2032 243 2092 Non
256 2031 315 2093 slis
334 2038 381 2093 est
400 2031 434 2091 in
453 2029 625 2092 civitatibus
644 2031 795 2111 popularis
815 2031 974 2110 potestatis
993 2029 1081 2094 ratio.

1 2162 6 2186 ι
33 2149 63 2179 ν
130 2130 245 2190 Parvus
264 2128 351 2189 initio
371 2128 453 2209 jacet
472 2128 610 2209 populus,
625 2134 657 2189 et
677 2129 865 2190 dominorum
885 2134 970 2189 metu
989 2133 1081 2208 ceput

131 2225 276 2285 extollere
289 2224 340 2283 vix
353 2225 453 2286 audet.
487 2224 569 2289 Dein
582 2244 648 2285 sese
661 2225 760 2305 erigit,
774 2224 811 2285 ad
825 2229 975 2285 rectorum
988 2224 1080 2305 pedes

1 2327 59 2396 ἢ,
130 2319 220 2380 tenui
239 2340 309 2382 voce
331 2321 577 2394 admurmurens;
605 2341 676 2381 mox
696 2321 834 2382 endscior
854 2321 951 2381 lectus
971 2320 1081 2399 gradus

1 2419 9 2427 '
51 2461 55 2472 .
129 2417 286 2489 acceleret,
300 2417 405 2479 altiore
417 2423 534 2499 petens,
547 2422 579 2478 et
590 2417 811 2498 impedimentis
824 2418 882 2478 alio
896 2437 986 2498 super
998 2417 1081 2478 eliud

52 2543 57 2555 ·
130 2511 289 2593 superetis,
311 2511 395 2592 quesi
415 2513 504 2593 pleno
524 2512 646 2573 tandem
666 2517 743 2573 aestu
761 2511 914 2592 usquead
936 2532 1081 2572 summam

45 2648 72 2678 ‚a
131 2607 281 2669 libertatis
300 2606 481 2688 crepidinem
494 2608 621 2669 tollitur.
661 2608 736 2668 Illuc
756 2607 826 2668 dum
847 2607 982 2679 enititur,
997 2607 1081 2668 nullo

3 2744 38 2773 f
107 2732 110 2738 Δ
129 2703 219 2764 modo
232 2704 297 2764 vult
313 2704 453 2777 retineri;
474 2705 613 2766 iseutem
627 2703 679 2784 qui
698 2703 855 2777 restiterit,
871 2704 923 2784 qui
941 2723 1040 2765 mores
1052 2705 1081 2765 ei

25 2804 32 2852 ἱ
131 2781 287 2872 minxerit,
301 2819 363 2861 ιιοιι
381 2801 470 2861 modo
489 2801 606 2862 labores
625 2798 733 2879 perdit,
754 2799 924 2869 sedetiam,
943 2798 1003 2860 nisi
1023 2798 1081 2861 sibi

2 2913 6 2943 ι
129 2900 245 2966 cesset,
266 2896 376 2976 rapidis
396 2897 557 2958 verticibus
576 2896 641 2977 ipse
661 2895 829 2957 devoretur.
870 2896 936 2976 Ego
955 2901 992 2956 ut
1012 2914 1089 2958 con·=

4 2996 8 3029 ²
128 2991 270 3053 cesserim
296 2993 400 3074 populi
426 2992 596 3055 voluntates
622 3011 710 3074 posse
735 2992 887 3053 interdum
915 2991 1081 3073 prudenter

128 3087 188 3148 alie
201 3087 335 3164 derivari,
347 3089 392 3149 ite
405 3089 525 3150 obstere
537 3089 574 3150 iis
587 3089 669 3150 certe
685 3107 773 3149 neme
787 3088 839 3149 diu
856 3089 979 3168 impune
992 3109 1083 3151 conc-

128 3182 222 3244 bitnr.
263 3185 372 3266 Itaque
393 3185 526 3267 quisquis
545 3185 716 3267 reipublice
736 3186 852 3268 peritus
872 3185 966 3246 videri
986 3187 1079 3268 cupit,

127 3285 299 3359 temporum
320 3281 707 3364 inclinationesshcminum
731 3282 831 3344 studia
854 3282 1080 3363 diligentissime

76 3423 79 3432 .
128 3377 268 3437 observet
290 3396 412 3440 necesse
431 3385 488 3452 est,
510 3385 543 3442 et
555 3399 602 3443 <ee
625 3380 730 3459 fecist-
744 3399 809 3461 que
831 3380 870 3442 ed
892 3400 1079 3444 communem

129 3472 257 3535 selutem
271 3474 398 3536 maxime
412 3471 628 3564 ιιιιιίιιιιιιμιίιι(θ
671 3495 673 3498 ·
744 3489 754 3558 ,⁵
768 3493 782 3542 ·,

541 3577 631 3662 ,νιισ2
