2510 3962
570 56 605 112 19

105 223 299 292 adversarios,
313 223 364 304 qui
384 224 537 286 nobiscum
556 224 643 285 inviti
656 225 778 287 iaciant.
812 227 946 288 ΡΙίιιὶιιεο
963 227 1059 289 minor

106 327 184 382 natu
198 321 334 381 Maximo
348 341 402 382 suo
416 321 528 392 scribit,
543 341 634 401 quum
646 323 763 384 tabellae
778 324 902 384 comitiis
916 323 1058 404 flagitata
1152 344 1153 350 ¹

108 422 211 479 essent
232 417 349 478 senatui
368 418 514 498 placuisse
534 423 569 478 ut
593 418 753 480 darentur:
784 420 816 480 id
835 441 974 500 magnum
994 442 1060 482 esse

106 512 272 573 remedium
289 533 402 583 eorum,
422 533 486 592 quae
507 533 596 594 prave
614 514 731 574 fierent.
773 516 831 576 Sed
844 516 1001 577 verebatur
1020 536 1060 576 ne

106 609 290 690 procedente
313 615 447 687 tempore
468 629 506 668 ex
532 609 598 689 ipso
624 609 753 670 remedio
777 610 962 691 impudentia
987 599 1060 669 irre-

106 709 212 785 peret;
234 703 354 763 interim
370 703 452 777 (audi
471 710 516 774 tu,
535 704 586 783 qui
605 724 705 765 vocem
721 706 836 766 tabellae
857 707 954 782 malis)
970 705 1060 766 bene·

108 799 177 861 ficio
197 799 315 859 tabellae
341 799 492 860 Romanos
519 801 711 878 magistratus
734 801 889 862 habituros
914 823 988 872 esse,
1009 800 1062 878 qui

108 895 235 956 maxime
261 895 326 954 lieri
360 895 542 956 debuissent.
596 896 719 972 Quaeret
745 898 901 978 quispiam,
929 892 964 958 si'
981 898 1062 957 illius

108 994 231 1053 timores
254 1013 287 1052 re
308 991 423 1071 probati
436 993 558 1052 fuerint.
601 993 683 1054 Audi
696 1015 761 1074 quae
775 994 863 1074 paulo
885 1001 953 1075 post
967 994 1062 1054 eidem

108 1089 246 1148 Maximo
267 1090 437 1167 scripserit3
462 1091 604 1169 proximis
625 1093 750 1149 comitiis
770 1093 802 1150 in
823 1091 995 1171 quibusdam
1014 1097 1062 1151 ta·

107 1185 196 1246 bellis
217 1183 312 1244 multa
332 1184 476 1262 jocularia
497 1191 586 1265 atque
607 1189 695 1244 etiam
721 1186 800 1246 foeda
821 1187 920 1259 dictu3
950 1189 983 1246 in
1002 1206 1064 1247 una

112 1301 182 1341 vero
202 1300 257 1360 pro
275 1280 495 1340 candidatorum
512 1281 678 1342 nominibus
699 1282 925 1362 suffragatorum
944 1286 1064 1343 nomina

110 1380 233 1436 inventa
252 1395 326 1436 esse.
369 1375 476 1436 Nonne
489 1379 661 1455 parturiunt
674 1383 799 1448 montes,
813 1383 936 1459 apparet
955 1379 1063 1438 ridicu·

112 1474 163 1532 lus
179 1471 272 1532 musi
314 1473 486 1532 Istiusmodi
504 1472 624 1534 facetias
641 1473 758 1534 tabellae
773 1476 838 1552 quis
856 1494 917 1534 non
936 1471 1065 1534 condon-

115 1568 235 1630 a'veriti
277 1569 422 1644 Quocirca
444 1569 519 1629 nihil
542 1570 681 1640 afferunt,
708 1573 760 1649 qui
783 1571 933 1631 Romanoa
959 1573 1065 1630 contra

113 1661 171 1726 nos
185 1667 215 1724 in
230 1666 321 1724 aciem
334 1666 507 1744 producant.

155 1761 314 1841 Reliquum
327 1765 373 1820 est
387 1766 423 1820 ut
443 1765 582 1842 perpauci
595 1765 682 1822 exiis
695 1761 789 1841 quiin
805 1760 901 1820 mediat
913 1759 1064 1839 republicis

115 1854 241 1913 maximi
260 1875 328 1915 cum
351 1854 438 1913 laude
462 1861 494 1914 et
514 1856 730 1915 existimatione
745 1855 854 1914 versati
878 1856 948 1924 sint,
969 1853 1063 1914 tabel-

115 1948 195 2009 lariae
208 1949 282 2028 legis
296 1955 432 2010 auctores
446 1949 567 2010 inerint.
599 1950 685 2026 'Quae
699 1954 746 2010 est
766 1969 873 2028 magna
886 1949 1002 2028 quidem
1016 1969 1064 2010 res
1098 1987 1100 1991 -

114 2053 148 2108 et
178 2049 351 2124 neutiquam
378 2046 601 2116 contemnenda,
643 2047 722 2106 Mihi
747 2065 816 2106 vero
844 2045 921 2104 absit
946 2045 1064 2116 invidia,

114 2145 289 2222 veniamque
308 2150 379 2222 peto
400 2164 419 2202 a
441 2142 536 2214 vobis,
559 2143 684 2223 judices,
708 2145 733 2202 si
757 2144 934 2204 sententiam
960 2148 1095 2206 contra.

112 2259 223 2302 venero
249 2243 296 2298 tot
328 2239 587 2310 nobilissimorum,
619 2238 854 2310 clarissimorum,
882 2238 1065 2315 sapientissi-

111 2356 238 2404 morum,
265 2337 392 2395 virorum
416 2342 526 2395 nostrae
553 2336 691 2405 civitatis,
718 2337 768 2413 qui
796 2333 980 2412 amplissimis
1007 2335 1064 2392 rei-

111 2433 240 2514 publicae
261 2432 431 2492 muneribus
453 2431 585 2491 defuncti
605 2433 684 2504 sint3
708 2430 870 2509 prasertim
885 2448 975 2508 quum
988 2449 1064 2488 non·

110 2529 189 2589 nulli
203 2549 304 2588 eorum
324 2529 448 2603 triginta
461 2528 520 2607 jam
539 2527 645 2587 abhinc
666 2528 751 2585 annis
772 2525 809 2585 de
830 2524 890 2585 suis
908 2529 971 2584 tam
988 2523 1065 2584 bene

112 2625 213 2685 meriti
240 2626 310 2696 sint,
339 2625 448 2703 quippe
480 2623 531 2702 qui
558 2629 605 2682 tot
638 2622 773 2682 homines
804 2621 837 2680 in
863 2621 991 2681 civitatis
1014 2621 1064 2700 jus

112 2721 281 2794 asciverint,
295 2720 346 2799 qui
366 2740 420 2799 pro
441 2720 580 2779 libertate
598 2725 629 2779 et
647 2720 794 2798 dignitate
810 2719 927 2792 civium,
940 2719 1065 2789 tamdiu,

112 2819 175 2874 tam
190 2815 310 2874 sortiter
322 2822 427 2875 contra
444 2815 531 2875 falsas
544 2815 683 2894 opinione
698 2815 911 2875 dimicaverint.
948 2814 1066 2893 Nempe

114 2913 203 2994 plura
223 2931 339 2992 semper
360 2911 495 2991 flagitare
518 2932 607 2992 grave
629 2913 756 2972 fortasse
777 2917 819 2986 et,
844 2932 937 2991 prope
961 2911 1065 2982 dicam,

149 3151 160 3174 ⁰
178 3137 251 3196 Plin.,
263 3135 298 3186 iii.
311 3139 351 3186 20.
387 3142 402 3165 ‘¹
411 3138 499 3202 Magni
515 3138 625 3204 undiq'ue
636 3138 775 3202 dissonique
786 3139 919 3198 clamores3
938 3153 1065 3203 procurre·

114 3218 177 3268 bant
193 3234 277 3268 omnes
294 3235 350 3268 curn
367 3220 418 3269 suis
433 3219 569 3268 candidatis
577 3241 585 3280 ς
602 3221 683 3270 multa
693 3222 793 3285 agmina
805 3223 832 3271 in
847 3222 928 3271 medio
943 3221 1065 3284 multique

113 3302 200 3352 cuculi
216 3305 243 3352 et
259 3303 373 3352 indecora
390 3303 499 3353 conlusio
506 3323 515 3362 3
532 3303 593 3352 adeo
606 3304 784 3355 desciveramus
795 3321 810 3354 a
823 3305 998 3356 consuetudine
1013 3321 1065 3354 ma·
1111 3294 1115 3299 ⁷

107 3387 203 3451 josum,
214 3386 282 3448 apud
297 3402 357 3450 quos
374 3387 500 3450 disposita,
515 3388 650 3450 tranquilla
665 3389 821 3453 majest-atem
834 3373 881 3438 loci
897 3389 1065 3452 pudoremque

113 3468 281 3519 retinebant.'’
307 3469 345 3516 Cf.
357 3468 389 3517 iv.
401 3470 441 3518 25.
470 3470 530 3519 This
540 3485 641 3536 passage
651 3471 672 3520 is
682 3469 792 3520 referred
803 3473 830 3520 to
841 3471 873 3535 by
885 3470 1001 3531 Denison,
1009 3470 1066 3521 who

113 3566 205 3618 argues
215 3549 313 3614 against
324 3551 369 3600 the
380 3550 471 3602 Ballot.
