2510 3962
637 10 674 68 12

181 166 294 246 tiquam
307 165 473 228 inauditum
487 161 544 237 est,
557 165 684 226 eundem
703 165 740 228 ab
755 165 890 246 utrisque
908 164 1045 246 partibus
1063 177 1129 227 aor-

179 269 303 342 ruptum
329 283 403 331 eaeo,
427 262 481 323 uni
508 261 680 342 eutiiagium
705 262 840 322 tulisse.’'
881 262 928 324 Ex
954 282 1013 342 quo
1040 261 1132 322 facile

178 359 367 439 intelligitur,
382 365 500 439 quanta
520 357 755 418 insimulationes
773 357 810 418 ab
826 356 922 418 altero
940 357 987 418 vel
1005 357 1043 418 ab
1062 357 1131 437 ejus

178 455 358 517 satellitibus
373 457 537 536 jaetantur.
579 458 649 518 “At
671 475 772 516 nonne
796 453 875 516 idem
897 456 991 517 multo
1017 455 1130 535 sapius

178 551 211 610 in
234 551 333 612 tacitis
360 551 507 630 suffragiis
530 549 627 612 flati’'
668 548 778 624 Etiam,
803 551 854 612 illo
878 558 1012 632 excepto,
1036 552 1128 631 quod,

179 661 271 726 quum
293 667 396 708 verum
419 647 566 727 explorari
589 667 650 707 non
671 647 775 728 possit,
799 647 929 708 ambitur
952 648 1129 726 languescat

179 749 211 803 et
225 743 357 803 discendi
370 743 475 824 inopia
489 741 671 803 suoeumbat.
707 742 795 804 “Sed
808 743 913 822 euiqne
927 749 1025 805 oortoa
1037 759 1134 803 nunr-v

179 858 243 900 mos
270 857 396 918 ponam
424 837 501 898 ‘Hie
527 857 589 897 non
615 837 687 897 fiea’
730 838 799 898 Fiet
823 837 927 917 igitur,
955 844 987 900 et
1010 838 1128 899 nummi
1154 886 1159 895 .

179 934 416 1015 persolventur.”
457 937 565 994 Nonne
579 933 634 994 hoe
648 939 695 995 eet
707 934 838 1014 lepidum
851 935 1006 996 eonsilium
1020 933 1035 996 i
1055 936 1128 996 Nisi

177 1031 257 1091 forte
283 1031 413 1092 ambitus
437 1030 578 1109 argueris.
622 1029 807 1111 Quamquam
833 1049 895 1091 non
921 1051 1007 1111 spero
1032 1031 1127 1092 tabel-

176 1126 236 1187 lam
266 1145 368 1187 omnes
401 1125 574 1206 iniquitates
602 1132 780 1198 sanaturum,
810 1127 892 1186 velut
923 1127 1043 1206 egregia
1073 1127 1128 1190 illa
1248 1127 1249 1136 ’

178 1222 470 1302 pharmaoopolarnm
501 1222 639 1283 remedia
688 1221 798 1282 Fateor
824 1222 1000 1292 mehercule,
1032 1243 1127 1303 quum

179 1318 240 1379 dno
259 1316 384 1398 improbi
404 1317 560 1378 consilium
579 1317 711 1386 inierint,
725 1324 761 1378 ut
779 1337 858 1379 unus
874 1317 1028 1398 largiatur,
1048 1320 1128 1381 alter

177 1413 365 1494 largitionem
383 1416 516 1493 aooipiat,
528 1413 640 1474 nullam
659 1413 762 1491 legem,
775 1414 891 1478 nullum
910 1414 1046 1494 supplicii
1064 1436 1129 1476 ma·

175 1516 249 1584 tum,
275 1531 314 1570 ne
341 1508 459 1570 tabellae
481 1510 599 1588 quidem
621 1509 861 1590 impedimentum
882 1530 971 1590 posse
994 1510 1126 1573 obstare.

178 1605 254 1682 Quia
266 1608 372 1682 nesoit,
386 1603 517 1666 illudi-

388 1733 843 1797 “Aummpermediosireeatellites

404 1812 439 1862 Et
450 1827 609 1876 perrumpere
619 1814 688 1862 amat
698 1827 756 1862 saxa
767 1812 896 1877 potentiss

404 1892 463 1942 Iota
473 1891 591 1942 fulmineo
600 1893 630 1943 i”

173 1991 278 2073 Neque
291 1988 410 2070 negligo
424 1989 550 2050 eundem
564 1991 722 2053 Horatium
735 1991 969 2071 interrogantem
979 2017 1027 2053 :-

356 2115 358 2119 ’
383 2108 399 2132 “
407 2103 474 2164 Quia
483 2103 553 2168 leges
562 2103 616 2153 sins
626 2104 734 2154 moribus

406 2183 484 2232 Vana
494 2181 625 2248 proficient
632 2183 661 2232 l”

211 2281 289 2342 Alia
309 2279 441 2340 rationes
461 2278 637 2340 adhibenda
650 2278 711 2340 sint
730 2279 860 2340 utillum
876 2279 1024 2341 maculam
1042 2279 1124 2343 elna·
1246 2291 1247 2320 ³

171 2378 248 2440 inus.
288 2377 319 2438 A
336 2375 464 2458 pueritii
481 2374 605 2456 quisque
622 2377 666 2435 ita
684 2376 862 2440 instituatur
873 2395 996 2437 neeesse
1015 2383 1072 2454 est,
1086 2385 1125 2439 ut

170 2493 268 2555 noque
281 2473 311 2548 ii,
326 2473 377 2553 qui
389 2472 601 2552 rempublicam
611 2472 692 2532 adire
705 2471 808 2542 velint,
819 2473 978 2552 largitione
990 2493 1123 2536 eorrum-

170 2579 254 2653 pent,
267 2590 364 2650 noque
376 2570 504 2650 populus
523 2568 600 2629 lueri
617 2568 714 2630 scabie
727 2569 801 2631 adeo
820 2570 1005 2649 depravetur,
1019 2576 1055 2630 ut
1069 2593 1123 2653 pe.
1245 2657 1246 2662 η

171 2660 289 2730 suniam
298 2686 351 2746 pro
364 2664 512 2743 flagitioso
526 2663 665 2743 suffragio
679 2665 812 2744 aooipiat.
846 2663 1123 2750 Verumenimvero

173 2770 275 2828 metuo
294 2767 331 2822 ut
350 2761 505 2841 quiequam
524 2765 662 2820 nostrum
684 2761 800 2821 mmdin
818 2759 951 2822 victurus
972 2763 1022 2831 sit.
1047 2762 1122 2826 dum
1147 2827 1149 2832 ,

170 2859 341 2943 hujusmodi
364 2877 460 2918 moras
478 2855 596 2918 viderit.
638 2857 691 2918 sin
710 2867 809 2917 autem
832 2857 866 2918 in
884 2858 987 2919 sutum
1003 2860 1121 2940 prospi-

171 2957 264 3020 cienti
278 2955 399 3015 meliora
412 2971 530 3034 sperare
544 2953 641 3025 lineat,
656 2957 693 3014 ut
706 2953 856 3020 Soumetia·
870 2954 949 3034 apud
963 2955 1122 3016 Platonem

171 3049 261 3113 verba
282 3066 434 3126 usurpem,
447 3044 577 3106 ambitus
594 3044 647 3104 illo
668 3044 716 3104 die
735 3045 985 3125 pessumdabitur.
998 3067 1057 3126 quo
1072 3047 1122 3108 die

173 3143 340 3228 philosophi
352 3161 439 3221 roges
458 3141 541 3215 fiant,
556 3139 615 3220 ipsi
634 3145 736 3216 autem
748 3161 834 3221 reges
852 3141 1055 3223 philosophari
1068 3143 1121 3204 ad.

172 3241 362 3402 &diberiiblbd
381 3332 502 3396 tertiam
519 3349 647 3403 eausam
660 3329 741 3412 quod
762 3331 872 3396 tabells
891 3334 1121 3418 eompetitorum

185 3464 194 3472 ·
530 3451 556 3494 '⁰
573 3461 639 3512 rut.
651 3459 720 3527 nepa
730 3475 755 3514 v.

1247 375 1249 388 t
