2510 3962
553 16 732 109 '10-

201 211 352 280 aedicula'm
379 237 472 298 prope
498 214 687 294 conjunctam
715 213 855 284 discedat,
878 213 978 295 ibique
1004 217 1143 298 penicillo

201 314 299 375 deleat
325 315 445 375 nomina
468 333 580 382 eorum,
603 311 655 391 qui
679 310 738 389 ipsi
762 308 929 389 displicent.
971 311 1038 387 Quo
1064 313 1145 376 facto

172 453 176 470 ,
191 415 295 482 vexent,
310 415 341 471 et
353 410 492 470 tabellam
505 409 538 468 in
551 409 654 468 cistam
666 403 752 467 ferat.
795 407 875 483 Quid
888 427 963 487 opus
977 413 1023 468 est
1034 411 1144 489 plura?

200 506 284 566 Hert
294 506 407 566 decimt
417 505 584 564 diribitores
595 501 674 581 apud
685 501 801 580 singula
812 508 904 581 saepta
914 503 1036 564 tabellas
1046 525 1145 566 coram

200 602 310 691 populo
334 601 480 662 exhibitas
504 599 709 668 dinumerent3
731 618 833 658 omnes
856 598 889 656 in
912 619 1005 659 unum
1028 621 1144 662 coacer-

192 689 324 758 bentur:
352 698 428 757 ratio
452 695 650 765 subducatur;
674 693 828 773 apparebit
849 695 884 764 is,
909 695 960 773 qui
982 695 1145 775 plurimum

199 793 335 854 valuerit.
361 792 441 869 Quid
452 797 551 871 potest
564 789 726 869 simplicius
737 789 794 849 dici
806 787 820 848 Ρ
849 790 984 850 Eventus
997 791 1029 850 in
1039 801 1143 872 aperto

198 894 263 961 est3
285 889 470 969 singulorum
491 886 647 946 sententiae
667 886 810 946 celantur.
842 886 937 946 Nulla
956 887 1069 968 fraudis
1086 909 1144 952 nec

198 984 257 1043 erit
275 1005 330 1045 nec
344 1004 408 1044 esse
425 987 527 1064 potest
547 980 683 1062 suspicio,
699 1001 790 1060 quum
805 987 998 1062 utrarumque
1012 986 1144 1063 partium

190 1080 367 1141 vdiribitores
388 1099 420 1139 se
439 1080 472 1139 in
491 1078 584 1169 vicem
602 1077 781 1148 custodiant,
798 1083 839 1148 et,
853 1078 879 1138 si
899 1078 968 1158 quid
986 1079 1143 1144 honestius

198 1177 261 1246 fiat,
275 1175 358 1256 qnasi
372 1175 485 1256 lynceis
498 1173 591 1234 oculis
605 1177 786 1233 scrutentur.

197 1365 263 1437 viri,
277 1367 328 1446 qui
343 1365 489 1446 ejusmodi
503 1365 582 1424 cistae
597 1363 776 1448 architectus
789 1362 889 1434 suerit,
903 1363 935 1423 in
949 1367 1007 1444 qud
1019 1367 1144 1447 quisque

189 1464 245 1524 sin
258 1461 407 1522 candidati
425 1481 535 1521 nomen
549 1480 603 1520 aou
617 1465 747 1539 pungat;
769 1480 806 1520 ex
820 1481 878 1540 quo
892 1461 1028 1538 efficitur,
1042 1470 1077 1524 ut
1091 1465 1145 1526 eli-

191 1564 290 1640 ·gatur'
298 1559 349 1639 qui
362 1557 489 1638 plurima
502 1562 615 1637 puncta
628 1556 732 1616 tulerit
741 1554 764 1614 fl.

62 1649 64 1652 ’
136 1656 139 1662 ’
189 1685 194 1696 ’
235 1655 346 1734 Ecquis
360 1673 430 1732 ergo
445 1653 563 1713 dubitat
577 1651 717 1731 suffragia
733 1671 820 1732 posse
834 1652 909 1712 clam
922 1652 1016 1716 ferri?
1043 1656 1144 1719 Venio

196 1771 277 1812 nuno
291 1751 328 1811 ad
346 1769 458 1824 causas,
474 1770 547 1830 quar
560 1749 674 1829 reperio
693 1769 757 1809 esse
776 1754 847 1822 tres,
863 1769 917 1810 our
929 1751 1038 1813 tabella
1051 1771 1142 1833 expe-

196 1847 286 1908 tenda
306 1845 458 1913 videntum
480 1865 580 1914 unam
598 1844 678 1925 quod
697 1844 862 1924 principum
881 1845 974 1906 minas
994 1853 1026 1907 et
1046 1849 1142 1908 domi·

190 1947 300 2002 natum
312 1940 416 2015 tollet3
437 1939 569 2010 alteram,
584 1940 663 2019 quod
676 1939 805 2000 ambitus
817 1947 849 2001 et
861 1942 1046 2020 largitionem
1060 1943 1140 2004 leva-

191 2039 257 2112 bit;
277 2037 406 2108 tertiam,
421 2037 509 2117 quod,
522 2036 744 2096 candidatorum
756 2035 904 2116 impensas
918 2038 1069 2098 diminuet.

190 2171 194 2184 ·
235 2134 355 2194 Tabella
377 2139 507 2194 terrores
531 2137 562 2193 et
587 2132 682 2192 minas
708 2133 876 2212 potentium
899 2136 1018 2197 adimet.
1060 2134 1141 2212 Quis

194 2231 274 2290 enim
295 2237 347 2290 aut
367 2229 506 2289 clientem
525 2233 578 2287 aut
598 2228 735 2298 vicinum,
754 2235 807 2288 aut
828 2247 945 2289 servum
964 2231 1142 2310 promittere

193 2332 288 2406 coget,
300 2347 391 2406 quum
405 2326 552 2386 incertum
563 2323 698 2384 futurum
712 2325 761 2396 sit,
770 2330 869 2384 utrum
883 2325 914 2384 id
924 2327 1002 2405 quod
1016 2333 1143 2406 rogatus

192 2424 241 2492 sit,
257 2422 360 2483 fecerit
379 2421 438 2492 ille,
456 2439 559 2481 necne.
602 2420 713 2481 Videor
729 2421 828 2481 videre
847 2420 1005 2502 diemque
1025 2445 1142 2505 pauper

192 2528 223 2579 et
243 2518 387 2578 honestus
407 2517 494 2576 homo
512 2515 639 2576 liberum
658 2517 829 2594 suffragium
843 2517 920 2577 ferre
941 2519 981 2578 sit
1000 2540 1142 2597 ausurus,

191 2633 247 2674 nec
269 2612 357 2672 minis
378 2612 549 2681 deterritus,
567 2611 724 2691 quominus
744 2612 917 2690 suffragium
934 2613 1025 2688 ineat,
1040 2637 1143 2696 neque

191 2710 224 2770 in
248 2708 427 2769 sententiam
452 2707 481 2767 ei
504 2707 690 2781 contrariam,
716 2727 803 2788 quam
826 2709 909 2778 velit,
931 2709 975 2770 ire
998 2722 1142 2789 eoactus3

191 2825 249 2886 quo
273 2803 407 2864 futurum
431 2804 471 2864 sit
494 2809 530 2863 ut
558 2824 654 2884 neque
676 2804 773 2865 coloni
796 2810 918 2885 propter
942 2806 1095 2887 opiniones
1119 2830 1142 2871 e

190 2900 436 2980 possessionibus,
462 2899 657 2961 amicissimus
678 2900 798 2961 sedibus
823 2921 858 2962 ao
881 2901 937 2962 diis
966 2904 1142 2982 penatibus,

190 2997 220 3057 vi
240 2997 434 3070 deducantur,
449 3015 546 3077 neque
566 3017 672 3076 operae,
690 2996 873 3077 artificesque
891 2999 1024 3059 mercede
1044 3000 1142 3062 mulc-

188 3098 302 3163 tentur,
314 3111 410 3172 neque
420 3112 577 3172 compones
588 3092 772 3173 emptoribus
782 3094 894 3176 injuste
905 3100 1032 3158 careant.
1057 3097 1140 3172 Nos,

190 3188 278 3250 velim
304 3188 452 3270 principer
481 3189 684 3262 recordentur,
712 3210 774 3250 non
803 3210 944 3252 numeros
972 3212 1047 3264 esse,
1073 3215 1144 3258 non

189 3305 289 3346 servos
313 3285 439 3347 dominis
458 3285 602 3361 addictos,
622 3284 675 3346 sed
694 3285 811 3360 liberos,
825 3287 876 3368 qui
896 3288 978 3368 paria
995 3290 1065 3370 jura
1085 3311 1143 3354 cu·

189 3379 277 3442 millis
287 3379 424 3441 habeant.

605 3493 617 3526 *
633 3495 719 3547 Grote.
