2510 3962
569 56 605 113 15

115 211 205 274 turba
229 211 339 274 circum
362 212 501 274 tabernas
520 213 654 287 volutari,
670 219 701 275 et
721 235 815 295 usque
835 214 873 276 ad
892 219 1056 275 extremum

117 309 176 370 diei
189 308 284 389 pluris
298 310 495 390 consequendi
509 331 561 390 spe
580 310 719 390 suffragia
741 311 867 373 differre.
907 311 1058 372 Accedere

110 411 162 476 ut,
176 406 330 466 ducenties
344 406 697 476 senatoribus-mandatis,
712 407 808 468 decies
827 411 944 466 tantum
958 421 1057 487 repre·

108 501 273 561 hensiones
285 501 376 560 fuisse
389 501 544 572 honorum,
558 522 731 582 caussasque
745 503 782 562 ad
796 508 932 562 senatum
946 501 1058 562 delatas

97 604 169 670 [cur
188 597 446 672 rescinderentur;
466 598 515 657 cui
534 598 627 676 igitur
639 619 701 658 non
717 598 828 678 liquere
846 598 984 658 tabellam
997 617 1059 656 non

115 695 160 754 ita
179 694 372 774 perniciosam
396 692 484 754 erse?
524 694 593 754 Nisi
619 693 697 754 forte
725 695 904 756 sententiam
930 693 1058 754 audiatis

8 859 11 866 Δ
117 790 205 850 faceti
218 790 297 850 illius
312 789 440 869 quidem,
454 790 505 862 scd
518 789 686 870 insipientis
704 790 829 850 hominis
843 791 895 870 qui
908 789 1058 857 disseruit,

116 885 254 966 quoniam
268 891 375 946 cuncta
394 885 455 946 illic
468 905 586 946 sursum
604 885 741 946 deorsum
760 897 927 964 agerentur,
941 884 1058 946 etiarnsi

115 980 226 1042 tabella
246 981 305 1040 illis
324 981 495 1061 profuisset,
508 986 630 1062 propter
643 1001 709 1041 eam
728 981 821 1061 ipsam
842 1002 958 1042 causam
971 981 1057 1042 nobis

117 1097 182 1138 esec
195 1077 378 1152 nocituram;
398 1078 507 1157 quippe
522 1077 555 1137 in
567 1077 618 1136 ssat
639 1077 759 1156 regione
777 1077 895 1138 arbores
909 1078 1058 1146 corticem,

117 1194 179 1234 non
191 1172 272 1242 folia,
289 1172 429 1252 perdere;
449 1172 535 1232 flores
557 1173 674 1232 nullum
694 1173 813 1233 odorem
833 1174 969 1246 mittere;
991 1193 1058 1232 cera

109 1289 166 1346 sos
187 1277 272 1329 extra
299 1287 331 1327 se
353 1267 463 1340 acinos,
485 1288 547 1328 non
572 1268 774 1329 intushabere
813 1288 889 1328 aves
907 1288 970 1328 non
988 1272 1057 1328 abre

115 1365 214 1425 volare
228 1364 290 1436 sed,
305 1384 376 1442 quas
395 1368 523 1442 πτέρυγας
535 1370 652 1436 vocant,
677 1365 741 1426 sine
755 1363 808 1424 alis
821 1384 963 1442 equorum
976 1385 1057 1424 more

109 1481 245 1522 currere.
286 1461 344 1521 Sed
375 1461 448 1541 quid
470 1481 544 1541 opus
567 1467 614 1522 est
640 1461 770 1522 externis
793 1460 942 1538 exemplis,
966 1473 1058 1540 quum

110 1557 278 1620 ,domestica
297 1555 393 1618 multa
413 1564 445 1618 et
465 1558 517 1618 illa
539 1559 652 1638 optima
670 1557 850 1619 habeamus?
881 1556 961 1634 Quid
979 1557 1058 1636 quod

116 1655 265 1715 Gulielmo
278 1659 382 1714 nostro
395 1654 486 1715 tertio
498 1661 643 1732 regnante
656 1655 688 1715 in
701 1654 861 1735 municipio
874 1653 1058 1734 hymingtcn

107 1750 255 1818 ,tabellam
274 1750 413 1830 viguisse,
433 1755 599 1831 testemque
619 1753 734 1812 exstare
753 1771 817 1812 eam
838 1750 1059 1812 saluberrimam

118 1850 260 1904 assotum
280 1845 481 1906 simultatibus
503 1847 735 1926 exstinguendis,
749 1853 815 1907 tum
832 1847 934 1907 ordine
953 1847 1058 1912 confit·-

117 1939 241 2010 mando;
272 1961 360 2021 quam
384 1941 409 2002 si
423 2001 425 2010 ,
438 1948 538 2002 cetera
561 1942 669 2022 oppida
692 1942 875 2012 adhiberent,
897 1942 1057 2022 plurimum

115 2033 188 2096 boni
210 2057 276 2097 esse
299 2037 464 2099 allaturam.
499 2037 602 2115 Quid?
629 2057 728 2098 nonne
747 2038 780 2098 in
793 2037 1007 2110 sodalitatibus,
1026 2039 1059 2101 in

117 2132 243 2194 ducibus
265 2132 496 2195 voluntariarum
516 2133 680 2196 cohortium
699 2133 879 2214 cooptandis,
900 2133 959 2196 reis
981 2134 1058 2195 mili·

117 2228 177 2288 tari
189 2248 271 2288 mors
283 2227 460 2304 judicandis,
480 2237 512 2292 et
530 2231 729 2314 in5sexcentis
748 2230 813 2290 aliis
832 2230 921 2291 rebus
941 2229 1058 2290 tabellae

116 2330 165 2384 est
187 2323 289 2385 creber
310 2333 458 2406 notusque
484 2330 579 2388 urus?
615 2327 701 2388 Nihil
727 2327 821 2407 igitur
843 2327 982 2399 afferunt,
1005 2325 1057 2406 qui

114 2419 254 2493 tabellam
267 2441 285 2480 a
297 2419 471 2484 Britannico
484 2445 565 2486 more
578 2424 734 2486 abhorrere
748 2423 933 2485 confirment.
1043 2461 1044 2464 =
1134 2459 1136 2462 ·

156 2517 242 2577 “Sed
257 2516 378 2578 ubinam
392 2518 512 2598 gratia?
540 2519 593 2580 ubi
606 2520 789 2580 observantia
803 2518 880 2580 erit?
902 2520 1013 2580 Nonne
1025 2518 1056 2591 ii,

113 2613 166 2692 qui
180 2613 243 2674 sint
255 2613 448 2676 maximorum
463 2615 639 2696 prediorum
654 2616 773 2688 domini,
786 2615 868 2696 justi
879 2616 1057 2677 auctoritate

112 2710 194 2789 apud
207 2730 275 2772 suos
288 2710 540 2791 privabuntur¹?”
570 2712 602 2772 Si
611 2713 679 2792 jure
692 2713 756 2781 fieri
768 2713 932 2793 putabitur,
946 2717 982 2772 ut
995 2713 1056 2773 suf·

112 2804 209 2884 fragia
230 2805 260 2866 ri
281 2811 524 2886 extorqueantur,
545 2828 600 2887 ego
620 2808 652 2868 id
670 2828 732 2881 non
753 2809 839 2870 modo
855 2809 933 2889 jure,
947 2811 998 2868 sed
1018 2827 1058 2868 ue

112 2900 280 2968 secundum
294 2901 375 2979 leges
395 2903 591 2983 institutaque
606 2903 748 2984 majorum
769 2903 887 2983 quidem
907 2902 1057 2963 confirmo.

112 2995 166 3056 Sin
174 3001 274 3056 autem
284 2997 402 3058 domino
411 2998 623 3079 quinquaginta
632 3000 838 3080 suffragatore
847 3000 1055 3079 cogereliceat,

111 3111 165 3152 cur
176 3113 238 3153 non
250 3093 299 3154 lex
316 3093 376 3174 ipsi
404 3094 618 3176 quinquaginta
632 3097 770 3177 suffragia
783 3096 889 3157 dedit?
928 3097 972 3156 At
985 3094 1057 3176 quid

112 3183 170 3245 sibi
182 3185 263 3264 leges
276 3186 451 3266 Anglicanae
464 3189 567 3262 velint,
580 3210 668 3250 nemo
681 3190 816 3270 ignorat:
836 3188 975 3269 quianon
990 3208 1056 3248 ren·

112 3279 153 3340 tit
171 3279 260 3341 istam
280 3281 470 3362 optimatium
486 3283 545 3345 vim
566 3290 733 3346 contraeas
753 3283 900 3364 grassari?
930 3281 1057 3359 Quodsi

111 3375 263 3459 principes
275 3376 308 3439 id
328 3383 426 3458 agant,
446 3383 482 3441 ut
499 3379 624 3450 ratione,
640 3379 818 3461 eloquentib,
840 3379 985 3451 doctrint,
1007 3399 1057 3440 ex-

508 3509 516 3544 ¹
532 3511 583 3562 Cic.
594 3511 660 3563 Mur.
