2510 3962
668 53 703 115 1'6

209 217 388 282 intimatione
399 237 467 279 suos
480 217 645 285 conficiant,
660 215 738 278 idem
749 238 804 298 ego
818 215 916 278 omnia
928 217 961 279 in
974 217 1034 282 isto
1046 241 1158 302 genere

209 317 256 378 vel
266 315 390 376 manime
404 335 471 375 oum
479 315 548 395 jure
561 314 625 374 fieri
638 315 777 374 concedo.

249 413 337 472 “Sed
357 410 471 472 nobiles
495 416 527 472 et
546 410 718 491 amplissimi
738 409 850 471 ordinis
870 409 1010 480 virinum
1027 414 1063 470 ut
1083 415 1157 474 ante

208 506 387 586 deligentur.
439 507 604 586 Republica
630 527 701 578 non,
729 511 764 567 ut
788 512 869 578 ante,
899 507 1021 578 virtute,
1055 508 1157 587 splen-

207 603 289 671 dore,
304 601 451 680 elegantib
464 602 732 662 illustrissimorum
745 603 873 662 virorum
888 601 1156 664 administrabitur.

210 695 331 775 Quidl?
362 699 444 759 Num
476 697 603 769 dubitas,
635 698 706 778 quin
727 719 839 768 omnes,
865 699 916 778 qui
942 699 1042 759 favent
1068 697 1156 760 nobi·

206 794 294 864 litati,
309 793 360 874 qui
379 794 412 853 id
429 799 537 873 putant
553 794 792 874 pulcherrimum,
815 794 866 875 qui
888 793 1079 874 imaginibus,
1103 796 1159 874 qni

206 891 377 952 nominibus
400 891 550 951 ducuntur
572 891 687 952 nobiles
710 911 826 972 semper
848 891 990 951 beneficio
1015 911 1069 951 suo
1093 892 1158 952 sint

207 986 346 1047 auctori?
375 987 407 1046 Si
426 1007 528 1067 parum
552 987 641 1046 multi
670 987 741 1060 sint,
768 987 846 1067 quod
873 983 997 1058 infitior,¹
1021 987 1074 1066 qui
1099 1008 1157 1048 no-

206 1081 351 1142 bilitatem
373 1088 482 1152 ament,
505 1103 578 1142 num
595 1082 652 1142 ista
681 1087 728 1143 eat
748 1083 864 1144 tabella
888 1081 998 1163 culpa?
1030 1087 1158 1163 Semper
1249 1129 1250 1178 r

205 1184 306 1238 autem
326 1177 380 1238 lilii
401 1179 539 1258 majorum
561 1179 704 1259 gentium,
721 1179 746 1240 si
767 1179 854 1239 modo
874 1178 946 1239 boni
966 1179 1037 1252 sint,
1052 1185 1158 1242 vetere
1249 1183 1250 1186 ’

204 1273 256 1334 illo
271 1275 364 1334 officio
376 1295 455 1334 more
469 1276 738 1348 renunciabuntur;
760 1295 886 1357 quorum
895 1276 1068 1347 honoribus,
1079 1278 1156 1359 agri,
1249 1291 1250 1328 l

204 1388 297 1450 prope
311 1371 414 1445 dicam,
427 1370 486 1450 ipsi
501 1377 676 1452 montesque
696 1371 849 1432 fabebunt.
891 1372 1055 1453 Nunquam
1073 1376 1158 1434 enim
1249 1403 1250 1446 ;

204 1465 266 1526 lere
279 1466 429 1538 nobilitas,
438 1469 554 1546 integra
562 1466 734 1547 praesertim,
748 1471 835 1547 atque
848 1466 999 1544 innocens,
1011 1489 1028 1528 a
1041 1471 1158 1550 populo
1249 1463 1250 1494 ³

204 1561 379 1623 Britannico
397 1563 521 1644 supplex
540 1563 695 1643 repudiata
714 1566 770 1624 est.
811 1563 965 1642 Equidem,
983 1564 1009 1624 si
1028 1565 1156 1628 tabella-

203 1657 248 1718 ria
261 1658 309 1718 lex
322 1659 460 1730 ferretur,
471 1679 533 1719 non
552 1665 612 1719 tam
626 1658 698 1719 alios
709 1656 852 1730 homines,
866 1680 954 1738 quam
971 1660 1044 1720 alios
1054 1650 1157 1724 mores

204 1761 417 1834 exspectarem.
459 1755 520 1832 Qui
533 1754 674 1835 populum
688 1754 814 1833 rogabit,
823 1775 884 1814 non
898 1755 1070 1826 minianen
1084 1760 1158 1820 ared

203 1850 292 1930 pient
313 1861 510 1922 nummorum,
533 1850 616 1911 velut
642 1850 737 1924 hodie,
763 1850 816 1910 sed
839 1849 985 1930 dignitate
1009 1858 1040 1912 et
1063 1853 1157 1916 bonis

204 1945 318 2006 artibus
333 1966 399 2006 cum
414 1965 448 2007 eo
462 1944 625 2007 contendat
637 1965 758 2007 necesse
771 1946 840 2009 erit.

225 2032 340 2104 ‘Venio
362 2063 443 2104 nunc
465 2041 503 2103 ad
525 2042 636 2103 crimen
658 2041 790 2103 omnium
813 2041 1024 2120 gravissimum.
1065 2031 1154 2103 Vir*

204 2138 390 2200 doctissimus
404 2140 447 2200 ait
461 2139 602 2200 latebram
616 2139 679 2199 dari
698 2138 816 2219 populo,
832 2137 864 2197 in
877 2139 943 2216 qut,
960 2137 1044 2199 bonis
1062 2137 1156 2216 igno-

202 2236 346 2307 rantibus,
362 2234 433 2315 qnid
452 2235 577 2315 quisque
588 2233 715 2308 sentiet,
729 2232 839 2294 tabella
859 2234 999 2293 vitiosum
1018 2223 1156 2296 occultet

204 2331 384 2410 suffragium.
424 2331 523 2391 Hodie
541 2327 653 2391 seilicet
672 2333 734 2390 uon
753 2334 815 2390 tam
835 2335 962 2389 terrores
981 2327 1156 2408 principum

203 2447 290 2506 quam
304 2425 446 2506 cujusque
467 2425 524 2485 sibi
537 2445 625 2506 prava
635 2425 791 2505 jubentem
811 2424 942 2484 animum
961 2444 1027 2485 esse
1044 2444 1154 2486 caven·

128 2591 131 2598 ¹
203 2509 290 2583 dum:
310 2521 427 2602 plebem
443 2521 515 2582 adeo
531 2521 677 2582 sordidam
698 2539 772 2591 esse,
786 2526 830 2594 ut,
846 2520 905 2580 nisi
924 2519 1007 2580 frena
1029 2519 1155 2582 aliunde

203 2609 403 2698 imponantur,
419 2618 480 2678 suis
492 2609 665 2678 libididibus
684 2637 795 2677 morem
814 2623 906 2697 gerat,
921 2615 1046 2697 publica
1065 2615 1152 2684 utilia

202 2707 256 2774 tati
274 2735 378 2794 parum
391 2715 534 2774 consulat.
576 2714 603 2774 Ο
621 2714 790 2794 praeclaram
805 2713 989 2793 sapientiam,
1003 2731 1069 2792 queo
1085 2711 1153 2775 vul·

202 2801 456 2889 gus'contemnatl
489 2809 620 2888 Indigna
632 2811 750 2871 homine
769 2809 917 2869 dubitatio
936 2827 1010 2888 qua,
1025 2825 1153 2867 suorum

202 2917 299 2985 parca,
323 2907 432 2987 populo
455 2897 599 2976 invideat,
619 2905 698 2986 quod
717 2906 787 2986 jure
810 2905 838 2965 'ei
859 2903 981 2965 concedi
1001 2908 1153 2982 oporteat.

203 3001 282 3062 Mihi
301 3003 370 3064 verb
389 3023 450 3062 non
470 3021 643 3084 persuasum
663 3006 719 3072 eat,
733 3000 829 3062 minas
848 3001 892 3061 ita
911 3018 1033 3080 prorsus
1051 2999 1154 3060 conci·

203 3097 290 3166 disse,
304 3099 447 3159 ambitum
461 3100 505 3159 ita
525 3091 707 3178 prostratum
717 3097 824 3176 jacere.
867 3087 947 3172 Quid
961 3101 1061 3172 potest
1082 3114 1154 3156 esso

201 3193 338 3254 inutilius
348 3195 385 3254 iis
395 3193 519 3274 legibus,
528 3215 602 3272 quas
613 3200 734 3254 senatus
745 3191 999 3254 contraambitnm
1008 3190 1153 3272 deinceps

203 3289 359 3352 sanxerit?
388 3291 492 3351 Testes
515 3296 587 3350 sunt
614 3288 695 3350 ditae¹
716 3289 831 3350 nobiles
854 3289 952 3360 urbes,
975 3288 1063 3348 testis
1091 3288 1152 3350 ista

248 3416 256 3457 ¹
274 3418 322 3468 Cio.
336 3418 421 3468 Plano.
487 3416 499 3450 ¹¹
516 3417 581 3477 Mill,
597 3417 725 3483 pamphlet
736 3432 769 3466 on
780 3417 978 3484 Parliamentary
990 3416 1102 3467 Reform.

488 3499 495 3535 ¹
512 3501 656 3552 Glcucester
666 3501 715 3552 aud
725 3500 871 3553 Wakefield.
