2510 3962
561 69 597 125 21

103 228 205 311 potius
228 227 382 291 existimet
404 228 487 294 illam
512 249 577 290 esse
603 228 749 291 hodierno
771 233 906 312 tempore
930 231 1057 292 maxime

103 325 311 401 neeessariam,
327 326 446 408 quando
466 324 552 406 plebs
565 330 628 386 tam
650 323 793 386 demissos
813 344 885 405 erga
905 327 1056 408 principes

104 421 219 498 animos
242 425 338 504 gerat,
362 440 525 501 paucorum
552 420 663 482 diritiae
686 427 718 480 et
745 422 908 482 auctoritas
935 426 1055 485 tanturn

104 517 231 590 valeant,
245 521 282 577 ut
294 516 448 579 tenuiores
465 523 519 578 sut
538 517 571 578 in
584 516 684 579 album
700 537 732 578 se
752 517 863 578 referre
883 517 983 579 nolint
1003 525 1057 589 aut

102 599 245 692 suffragio
266 613 490 692 prohibeantur,
510 613 579 687 nisi,
600 619 692 695 prout
713 614 772 675 illis
788 614 916 690 ridetur,
934 615 1058 692 sacient,

100 713 158 792 aut
178 707 314 788 improba
334 714 366 769 et
387 708 548 771 inhonesta
572 709 712 790 suffragia
731 710 842 772 ferant.
882 711 922 771 In
943 713 1058 792 optimo

99 803 173 865 verb
194 803 364 884 reipublicae
388 803 479 890 statu,
505 804 621 887 qualem
644 809 698 866 aut
720 806 805 867 Plato
828 807 979 868 Socratem
1002 812 1057 868 aut

101 900 210 962 Cicero
225 898 394 979 Scipionem
417 900 635 962 describentem
649 901 730 974 facit,
741 921 803 962 non
824 904 964 964 tabellam
978 925 1056 984 quae-

99 996 214 1066 sierim‚
229 993 314 1074 quasi
333 995 481 1056 vindicem
501 997 658 1070 libertatis,
680 996 732 1058 sed
752 1018 853 1058 vocem
873 998 977 1074 rivam,
998 999 1057 1080 qut

98 1091 179 1154 nihil
198 1095 246 1150 est
264 1089 459 1170 meliusque
478 1112 510 1154 se
529 1091 626 1173 palam
647 1090 735 1173 plent
752 1092 819 1154 luce
839 1093 983 1168 effundat,
998 1115 1055 1156 nec

100 1186 188 1268 turpi
201 1189 285 1246 metu
298 1192 463 1246 moveatur.

141 1284 217 1344 “At
239 1281 333 1362 serpit
356 1301 414 1357 res,
438 1303 502 1362 quae
524 1282 683 1362 proclivius
708 1281 745 1344 ad
769 1283 940 1364 perniciem,
964 1305 1055 1364 quum

101 1378 196 1440 semel
214 1377 315 1458 ooepit,
327 1376 455 1438 labatur.
497 1377 647 1439 Videbitis
668 1377 809 1460 populum
831 1398 849 1438 a
869 1383 976 1439 senatu
996 1380 1055 1440 dis-

99 1475 243 1556 junctum
261 1473 523 1553 multitudinisque
535 1473 660 1535 arbitrio
674 1496 722 1536 res
741 1474 883 1535 maximas
897 1475 954 1553 agi.
996 1478 1054 1536 Fa·

102 1569 191 1631 cilius
210 1570 272 1630 haee
291 1569 481 1643 inchoantur,
496 1590 584 1650 quam
605 1571 737 1646 discitur,
751 1570 998 1651 quemadmodum
1017 1571 1062 1631 iis

101 1665 255 1730 resistitur
263 1668 307 1722 ‘¹3’
335 1665 481 1746 Equidem
496 1667 564 1726 verb
578 1669 722 1748 populum
736 1673 875 1728 nostrum
888 1686 949 1726 non
962 1665 1055 1728 refor-

102 1762 195 1835 mido,
219 1781 327 1842 neque,
352 1762 378 1822 si
403 1762 612 1844 inposterum
632 1762 837 1824 multitudinis
860 1763 984 1824 arbitrio
1007 1783 1055 1824 res

104 1858 243 1920 maximae
266 1865 403 1938 agentur,
428 1879 506 1938 agre
528 1859 629 1919 feram.
677 1860 768 1920 Nune
791 1879 870 1940 aegre
889 1859 952 1920 fero
977 1862 1056 1938 quod

102 1953 278 2034 populum
304 1960 412 2016 senatu
444 1953 573 2034 disjungi
599 1955 744 2032 rideatur,
771 1974 849 2036 aegre
881 1957 943 2017 fero
976 1957 1054 2036 quod

98 2049 224 2111 ordines
237 2050 319 2110 inter·
332 2070 364 2112 so
377 2051 596 2128 conflictentur,
607 2052 686 2132 quod
700 2051 731 2128 ii,
745 2051 796 2132 qui
814 2051 908 2112 bonos
920 2051 1008 2128 viros,
1022 2074 1055 2115 se

96 2165 169 2208 esse
191 2147 307 2222 volunt,
330 2148 494 2227 meliusque
517 2148 606 2227 vulgo
631 2147 749 2208 educati
773 2152 854 2222 sunt,
876 2151 980 2210 animis
1004 2149 1054 2210 ob-

95 2243 292 2315 stinaverint,
314 2249 350 2303 ut
370 2243 487 2323 plebem
507 2243 676 2324 reipublicae
690 2242 728 2304 ab
749 2247 829 2303 omni
849 2249 933 2324 parte
955 2245 1053 2305 exclu-

94 2339 185 2412 dant,
202 2336 282 2417 quod
295 2343 492 2400 secessionum
498 2341 517 2415 ¹,
532 2343 628 2420 operis
643 2341 840 2402 cessationem
855 2359 946 2400 vanos
965 2342 1052 2399 timo-

95 2456 150 2498 res
164 2434 369 2496 disseminent.
412 2436 514 2496 Gestio
527 2436 626 2497 videre
646 2435 785 2516 populum
800 2440 832 2496 et
851 2439 1009 2516 optimates
1022 2439 1054 2494 in

94 2551 196 2596 unum
212 2530 343 2601 coalitos,
357 2551 417 2592 non
432 2525 506 2593 duas
526 2533 671 2608 civitates,
684 2550 773 2591 uuam
793 2552 966 2612 paupem
980 2532 1053 2592 alte-
1079 2552 1082 2556 ·

93 2649 164 2692 ram
184 2626 318 2701 divitum,
330 2646 428 2688 secum
451 2629 574 2689 invicem
597 2649 713 2709 semper
733 2627 892 2688 luctantes.
935 2627 1053 2709 Quippe

90 2727 216 2795 civitas,
228 2741 291 2800 quae
306 2721 538 2785 dissentionibus
552 2729 584 2784 et
598 2725 672 2784 odiis
683 2728 818 2796 vexetur,
834 2729 914 2782 stare
927 2723 979 2784 diu
991 2744 1053 2783 non

91 2822 213 2903 potest.
256 2817 363 2894 Quid?
396 2819 507 2879 Nonne
521 2821 608 2880 Plato
628 2822 660 2880 in
673 2819 724 2880 illa
745 2818 897 2899 republicb
915 2820 968 2878 sut
981 2817 1053 2880 dicit

92 2935 162 2978 non
178 2913 336 2974 custodum
357 2914 454 2975 solum
474 2935 538 2976 esse
559 2915 781 2996 rempublicam,
795 2916 826 2973 in
840 2916 897 2994 qut
916 2933 988 2975 auro
1006 2935 1051 2974 ar-

13 3045 14 3050 *
91 3014 255 3092 genteque
278 3006 321 3067 illi
345 3008 529 3087 splendeant,
552 3010 685 3090 hospites
708 3007 871 3069 liberaliter
893 3010 1054 3088 excipiant,

90 3109 269 3184 ceterisque
283 3103 431 3178 fruantur,
441 3125 506 3184 quse
520 3105 557 3165 ad
571 3105 656 3166 beate
670 3105 826 3166 vivendum
841 3108 987 3185 spectent,
1002 3103 1053 3164 sed

92 3224 161 3264 rem
186 3221 252 3261 esse
272 3201 374 3279 populi
395 3220 491 3280 neque
513 3200 579 3282 ejus
599 3204 686 3282 parti,
706 3201 759 3262 sed
779 3202 917 3260 universo
937 3201 1053 3261 consuli

89 3297 221 3361 debere.
266 3295 347 3372 Quid
361 3303 461 3358 autom
476 3298 714 3377 magnificentius
728 3301 775 3358 est
789 3295 899 3376 populo
913 3296 945 3354 in
958 3315 1052 3356 unum
1080 3325 1082 3328 ·

205 3515 216 3547 ‘¹
233 3507 283 3558 Cic
295 3509 326 3558 de
337 3510 414 3559 Amic.
705 3505 706 3510 ’
823 3516 833 3540 ¹
851 3508 955 3560 Strilres.
