2510 3962
558 39 595 100 17

104 219 222 260 morum
235 195 412 278 depravatio,
426 217 490 277 que
508 195 545 256 iis
560 216 657 276 nuper
675 196 707 278 in
721 197 817 260 lucem
834 205 985 281 protracta
999 205 1047 267 sit.

107 294 231 354 Sentina
243 292 302 354 ieta
314 314 375 354 non
388 293 430 354 sic
440 292 588 352 exhauriri
600 299 710 374 potest.
739 296 867 370 Profuit,
876 301 973 373 creda,
989 301 1049 362 Ro·

107 391 203 454 manis
226 390 275 451 lex
299 390 401 482 Ginaia
425 389 462 449 de
483 389 579 464 donis¹
592 411 626 450 aa
650 392 840 466 muneribus;
866 397 1054 476 profuerunt,

107 487 204 562 medo,
218 492 365 548 sexcenta
379 486 444 548 aliae
458 487 539 565 leges
552 481 621 566 po'st
635 487 766 548 Cinciam
778 489 855 552 latae.
904 557 907 566 1

148 583 243 660 Quiasi
264 603 334 643 vero
357 602 428 643 voce
455 583 520 642 vird
542 582 694 654 efficiatur,
715 589 751 644 ut
774 605 863 646 nemo
885 587 943 648 sibi
965 609 1054 669 prave

106 679 254 749 consulat,
269 698 354 738 nemo
372 678 454 758 turpi
470 678 591 738 libidine
610 679 755 740 trahatur.
798 682 941 762 Quisque,
955 685 1052 758 credo,

106 795 208 836 verum
228 774 405 835 confiteatur
423 793 543 834 necesse
564 779 610 834 est
621 797 630 847 ;
654 795 715 835 non
735 782 845 856 potest,
866 779 962 853 credo,
985 801 1057 850 sexr

106 875 210 931 centus
229 869 395 951 probabiles
418 890 522 930 causas
541 869 688 949 suffragiis
712 871 854 951 proferre,
896 874 1051 951 Quantum

104 967 303 1048 turpitudinis
316 985 378 1027 non
390 967 441 1028 illa
453 987 509 1027 vox
525 966 689 1047 ‘displicet’
704 968 838 1030 celabit?
878 971 979 1048 Quum
993 972 1050 1034 for·

104 1069 185 1126 tasse
198 1065 286 1125 homo
300 1064 455 1124 candidato
467 1064 500 1126 in
514 1065 668 1134 consilium
681 1084 741 1125 non
755 1071 876 1140 vocatus
890 1067 939 1127 sit.

144 1161 233 1221 “Sed
251 1160 405 1222 mendaces
423 1161 497 1220 fient
515 1161 668 1235 hominem
687 1161 816 1241 promisa
828 1162 1050 1225 violabuntur.”

103 1259 202 1318 Nema
219 1256 355 1318 videlicet
375 1278 456 1318 nunc
471 1257 625 1333 mentitur,
638 1279 726 1319 nemo
743 1278 825 1320 nunc
840 1258 929 1319 fidem
949 1259 1049 1321 violat.

104 1354 204 1414 Nemo
231 1375 323 1434 quum
343 1355 381 1415 ab
404 1374 464 1414 uno
486 1359 610 1432 rogatus
633 1355 812 1434 promiserit,
836 1355 924 1416 alteri
947 1358 1050 1418 suffra·

103 1450 187 1528 giam
205 1450 282 1510 serre
302 1470 321 1510 a
340 1450 458 1511 domino
478 1450 603 1528 cogitur.
644 1449 712 1511 Vox
730 1450 805 1522 viva,
825 1450 948 1532 inquam
968 1472 1050 1512 men·

104 1545 179 1606 dacii
192 1547 337 1626 arguitur,
350 1567 405 1606 vox
423 1546 481 1606 ista
495 1546 586 1607 libera
598 1567 694 1607 mores
713 1549 885 1629 corrumpit,
899 1549 1052 1627 largitioni

103 1643 202 1705 aditus
215 1645 296 1706 facit.
336 1643 396 1704 Hic
409 1644 484 1720 lons,
498 1644 554 1704 hoc
568 1648 659 1724 caput
676 1644 821 1706 malorum
842 1651 897 1706 est.
937 1645 1050 1707 Vocem

103 1739 191 1800 modo
205 1739 313 1813 demas,
329 1740 484 1811 rationem,
498 1739 663 1814 consilium,
677 1742 790 1802 afferes.

144 1838 251 1896 Fateor
272 1835 360 1898 fidem
385 1835 535 1896 interdum
560 1834 701 1896 violatum
725 1836 771 1913 iri,
792 1837 853 1908 sed,
873 1834 931 1897 nisi
949 1823 1046 1910 fallor',

105 1929 167 1991 dies
186 1931 250 2012 ipsa
269 1932 381 1992 crimen
401 1930 503 1993 diluet.
543 1932 639 1991 Nemo
666 1931 745 1992 enim
768 1931 912 2012 promissa
938 1933 1046 2012 exiget,

102 2045 194 2106 quum
212 2027 384 2108 suffragium
403 2027 503 2088 videre
522 2046 584 2087 non
604 2027 707 2106 possit.
749 2028 808 2088 Sed
827 2028 859 2088 in
873 2029 928 2089 hoa
948 2028 1049 2090 creber

104 2121 242 2182 antefui.
1080 2195 1087 2210 ο

145 2218 243 2278 “Non
262 2217 310 2278 fur
329 2237 404 2293 sum,
419 2219 469 2299 qui
487 2218 663 2280 intenebris
680 2220 792 2280 seriam.
833 2219 906 2280 Non
925 2240 1047 2301 possum

102 2313 275 2392 suffragium
288 2315 372 2387 inire,
386 2316 483 2396 capite
503 2317 588 2396 quasi
601 2316 718 2377 cucullo
732 2316 903 2377 obvoluto.''
943 2316 1045 2395 Euge!

99 2409 190 2471 laudo
206 2410 297 2471 istum
310 2411 422 2472 virilem
448 2411 588 2486 animum,
603 2412 654 2490 qui
672 2413 804 2472 sordidas
823 2419 902 2472 artes
915 2418 1045 2490 respuat.

98 2507 159 2568 Sed
178 2508 274 2568 verior
285 2527 325 2567 ne
345 2507 376 2568 iu
391 2507 446 2568 hoc
463 2507 528 2568 loco
541 2513 653 2568 temere
667 2508 820 2568 declames.
861 2508 891 2568 N
893 2529 941 2568 um
956 2528 1043 2583 omne

97 2605 177 2683 quad
197 2605 271 2666 alam
289 2605 334 2678 fit,
354 2623 476 2684 pravum
498 2607 568 2665 est?
609 2606 833 2664 Testamentum
855 2625 947 2684 quum
967 2604 1039 2665 facis

95 2721 169 2762 num
183 2700 321 2762 amnibus
334 2701 365 2761 id
379 2699 573 2781 promulgas?
613 2700 761 2761 Praedium
776 2719 866 2778 quum
881 2700 962 2774 emis,
978 2700 1039 2760 cui-

95 2817 215 2877 cunque
228 2818 372 2867 occurras,
387 2818 460 2859 num
474 2797 628 2872 exclamas,
643 2817 701 2876 quo
715 2797 820 2876 pretio,
836 2796 1029 2872 constiterit?

135 2894 181 2953 At
204 2893 282 2953 enim
309 2894 482 2972 suffragium
505 2891 783 2953 fideicommissum
810 2896 866 2962 est,
890 2892 969 2972 quod
991 2912 1042 2973 pa·

93 2991 152 3051 lam
167 2989 208 3050 sit
226 2989 417 3051 reddendum.
458 2989 595 3058 Quibus?
637 2990 719 3050 Num
733 2989 780 3060 iis,
794 2989 845 3069 qui
865 2990 961 3070 capite
975 3010 1043 3052 cen-

94 3085 186 3146 sunt?
229 3085 341 3162 Quidni
354 3087 447 3166 igitur
460 3087 531 3168 ipsis
545 3087 719 3164 suffragium
733 3085 845 3147 daturi
884 3087 936 3145 An
954 3086 1043 3146 nimis

93 3181 267 3260 ignorantes
291 3187 372 3254 sunt,
396 3203 483 3263 quam
505 3183 593 3243 utin
616 3183 744 3243 civitatis
765 3187 816 3264 jus
836 3182 1045 3252 admittantur,

91 3281 195 3338 manen
217 3278 290 3339 satis
312 3279 462 3350 instructi,
483 3283 519 3339 ut
540 3279 702 3340 alienorum
727 3278 933 3358 suffragiorum
959 3276 1044 3358 quasi

86 3373 207 3454 judices
222 3374 467 3436 constituantur?
508 3375 551 3435 At
565 3375 650 3454 quasi
664 3375 790 3455 quddam
801 3373 955 3454 disciplind
975 3395 1042 3442 eru·

93 3470 229 3542 diuntur,
255 3469 393 3551 quoniam
411 3470 487 3534 cives
505 3465 638 3552 suffragii
657 3471 707 3554 jus
727 3467 863 3533 exercere
882 3471 993 3543 vident,
1006 3475 1043 3533 ut
