2510 3962
574 20 619 78 lt

122 181 274 260 impensas
287 178 441 240 diminuat.
482 175 602 238 Etenim
616 177 642 237 si
654 175 773 258 largitio
786 177 884 239 minor
895 179 956 252 liat,
970 177 1073 263 popnll

123 277 303 340 beneficium
316 275 430 336 minore
443 273 536 335 stabit
549 273 655 354 pretio.

136 423 139 428 .
165 373 241 450 Quis
254 378 355 433 autem
375 391 437 432 non
455 369 606 449 intelligit,
620 369 693 430 elios
714 387 830 450 quoquo
848 371 881 432 in
893 373 1070 453 petitionem

124 469 332 538 descensuros,
345 467 473 548 optimos
492 465 568 538 illos,
582 471 615 525 et
637 467 670 525 in
688 465 841 546 republica
859 474 1001 540 versatos,
1021 469 1073 550 qui

121 587 206 628 nunc
223 571 348 646 propter
360 565 490 644 inopiam
504 562 727 643 prohibeantur.
767 565 892 625 Accedit
905 575 940 626 ut
953 567 1078 629 comitia·

121 663 222 724 minus
235 663 424 722 tumultuosa
439 661 504 722 sint
523 659 634 730 futura,
649 679 741 738 quum
760 661 893 742 pecunias
911 663 1008 722 minor
1022 683 1074 724 ex-

124 757 270 839 spectatio
284 757 334 817 sit.
1069 807 1071 810 .

165 859 233 914 “At
246 853 371 914 ubinam·
383 851 434 912 ille
451 871 514 911 mos
526 849 541 913 l
560 851 613 912 ubi
625 851 676 912 illa
696 849 818 932 antiqua
834 851 967 923 libertus,
981 852 1071 913 comi·
1155 841 1157 845 ¹

121 950 190 1010 tiali
203 949 251 1010 die
272 947 460 1018 comissandi,
475 947 631 1017 clamandi,
645 947 778 1008 ordinem
796 954 922 1017 rectum,
935 949 1073 1028 evaganti

9 1119 16 1128 Ι
119 1045 253 1108 licentiae
264 1045 415 1104 frenorum
430 1041 701 1103 detrehendorum?
732 1042 858 1102 Comitia
870 1043 939 1104 verb
952 1063 1000 1104 res
1012 1065 1070 1125 pu.

121 1141 190 1202 tide
207 1145 239 1201 et
258 1138 438 1200 emoscnloto
457 1135 662 1198 videbuntnrf.
704 1137 790 1198 Plebi
809 1137 990 1199 Britannice
1010 1159 1072 1200 non

121 1243 198 1300 sunt
210 1236 355 1317 eripiendi
374 1235 490 1296 fructus
503 1235 556 1294 isti
575 1233 776 1314 prandiorum,
796 1234 1072 1316 potationemque

121 1333 224 1394 omnia
237 1331 364 1412 majores
377 1330 473 1390 nostri
486 1335 747 1409 comparaverunt3
769 1347 824 1389 nec
835 1330 1000 1392 candidatis
1012 1332 1073 1394 ista

118 1428 293 1508 benignitas
307 1425 463 1486 adimenda
476 1430 532 1495 est,
546 1445 611 1505 quaa
623 1425 833 1486 liberalitatem
847 1425 939 1502 magis
958 1426 1071 1506 signifi·

122 1527 181 1589 cat,
202 1541 291 1601 quam
311 1518 530 1598 largitionem.”
572 1519 676 1599 Euge!
706 1518 819 1600 optime
840 1518 938 1581 hercle
957 1539 1071 1584 narras,

122 1617 251 1680 Utinam
270 1621 391 1676 tantum
410 1633 446 1674 ea
464 1632 533 1674 vers
553 1620 662 1687 essent,
681 1635 747 1696 quae
767 1614 891 1676 dicebas.
933 1616 991 1678 Sed
1008 1637 1076 1682 non*

122 1714 252 1776 arbitror
275 1711 416 1772 tabellam
432 1709 613 1772 ebrietatem
635 1711 819 1772 sublaturum
842 1731 918 1774 esse.
959 1713 1073 1776 rumen

123 1831 188 1871 non
200 1829 321 1890 possum
340 1818 439 1868 tecum
459 1807 638 1882 consentire,
651 1807 801 1868 tumultus
821 1827 887 1869 esse
907 1812 960 1870 aut
972 1829 1026 1890 per
1039 1829 1072 1872 sa

10 1905 17 1920 ⁶
83 1917 87 1920 ’
125 1903 316 1983 expetendos,
335 1913 388 1962 aut
408 1903 434 1964 si
453 1901 625 1975 defuissent,
643 1901 862 1966 desiderandos.
903 1903 974 1965 Nisi
994 1905 1072 1966 forte

122 2006 212 2082 putes
227 1999 410 2074 ebrietatem,
423 2018 511 2059 voces
527 1997 669 2073 dissonas,
682 1999 761 2059 rixas
774 1999 807 2061 in
824 1999 936 2060 cumam
954 2021 1071 2082 quoque

121 2095 333 2166 admittendas,
352 2100 383 2154 et
404 2093 592 2154 senatoribus
611 2096 815 2175 pugnantibus
834 2094 868 2156 in
892 2099 1071 2160 sententiam

123 2190 251 2271 pedibus
265 2191 393 2250 eundum
413 2210 486 2250 esse.
529 2189 643 2266 Quidni
660 2190 852 2252 tumultuaris
872 2191 906 2252 iu
922 2189 988 2272 ipso
1001 2213 1072 2274 rega

123 2285 277 2347 creando?
299 2285 412 2362 Quidni
425 2287 523 2346 omnia
537 2286 670 2346 tumultu
688 2286 860 2361 miscentur,
873 2286 925 2348 ubi
939 2289 1072 2364 oonsilio,

122 2378 249 2447 ratione,
262 2377 382 2458 ingenio
404 2399 479 2459 opus
493 2378 557 2440 sit?
585 2379 731 2459 Equidem
748 2399 810 2438 non
830 2379 945 2461 speravi
959 2381 1022 2442 fore
1034 2389 1074 2442 ut

120 2473 274 2534 tumultus
286 2479 428 2553 tanquam
445 2494 500 2554 per
512 2494 544 2534 se
562 2473 658 2534 bonus
675 2473 873 2536 invocaretur.
913 2476 956 2534 At
970 2475 1071 2537 enim&

118 2571 270 2635 tollentur
284 2571 392 2642 studia,
414 2571 568 2632 exstinctae
588 2569 825 2649 suffragationem
838 2570 928 2632 nullae
948 2578 1072 2632 eonten-

120 2667 512 2748 tiones‚nullsexspeetatio
524 2667 747 2746 suffragiorum
768 2667 1072 2749 nibilutplerumque

120 2763 232 2838 evenit,
246 2768 355 2842 preter
372 2763 541 2843 opinionem
560 2763 684 2838 accidet,
702 2763 785 2824 nulla
805 2764 862 2824 erit
881 2765 1006 2846 posthac
1020 2785 1071 2826 vo·

117 2860 214 2922 rictas
228 2858 423 2920 comitiorum.
463 2861 539 2921 Haee
547 2859 645 2920 omnia
654 2879 776 2940 prorsus
789 2878 876 2941 nego.
920 2859 995 2936 Quis
1008 2867 1072 2922 tam

120 2956 237 3018 stultus
250 2960 307 3028 est,
320 2953 372 3036 qui
389 2958 477 3034 putet
490 2956 551 3016 vim
570 2954 746 3038 eloquentie
759 2953 823 3015 fore
841 2954 994 3027 minorem,
1008 2975 1072 3018 ser·

119 3051 229 3114 borum
253 3049 368 3130 copiam
392 3048 491 3110 minus
514 3050 654 3130 ponderis
680 3050 857 3126 habituram,
880 3051 907 3112 si
933 3051 1072 3132 suffragia

121 3143 337 3208 occultentur?
370 3144 516 3224 Equidem
533 3149 575 3207 sio
598 3145 756 3217 contendo,
779 3165 871 3227 quum
889 3153 1075 3228 compertum

126 3241 195 3318 erit,
209 3241 307 3302 minas
327 3259 361 3300 eo
381 3245 510 3302 terrores
526 3240 613 3322 plana
629 3240 747 3302 inutilia
764 3261 841 3314 esse,
854 3242 907 3304 sed
924 3261 988 3304 eam
1008 3262 1075 3306 esse

259 3433 268 3466 ¹
282 3432 332 3484 cie
343 3434 412 3486 Mur.
676 3509 679 3516 ι
763 3435 844 3488 scie.
856 3437 938 3488 Plane.
