2510 3962
579 1 682 80 11'

164 187 184 214 “
192 180 236 240 At
254 199 303 240 res
325 179 404 241 foras
427 179 594 256 emanabit;
617 180 663 243 vir
681 181 768 242 uxori
789 180 875 254 dicet,
896 182 945 244 cui
966 183 1069 245 suffra-

125 275 207 354 gium
233 275 344 337 tulerit.
386 277 449 338 Scis
475 277 632 338 mulierum
658 278 862 354 garrulitatem
874 277 909 340 ?”
945 277 1078 339 Audio?-

98 385 100 388 ·
126 371 185 432 Sed
210 391 351 452 quorsum
376 373 458 434 hoo?
504 374 571 435 Neo
596 375 702 436 mulier
727 395 783 436 nec
812 373 966 456 quisquam
992 374 1068 434 alius

123 467 263 528 tabellam
288 468 371 529 vidit.
415 469 475 545 Qui
501 470 595 550 igitur
617 491 671 552 pro
697 477 779 533 certo
805 470 974 533 habendum
1000 469 1068 540 erit,

121 568 221 622 utram
234 562 267 624 in
281 565 459 626 sententiam
474 565 519 626 vir
532 565 641 628 iverit?

162 664 232 718 “At
252 659 396 722 Lucullus
415 662 547 744 impuros
566 682 601 724 ac
624 660 757 723 sordidos
776 661 911 724 homines
932 662 1068 722 mercede

122 753 277 828 conducet,
292 755 343 835 qui
356 777 596 837 unumquemque
609 761 831 838 percontentur,
847 758 958 818 circum
969 758 1068 818 taber-

121 869 177 910 nas
197 850 275 912 diem
295 860 480 922 consumant,
496 874 646 914 sermones
666 858 862 933 aucupentur,
882 853 957 913 nihil
976 853 1067 913 infec-

120 952 187 1007 tum
205 947 385 1028 relinquant,
399 955 435 1010 ut
452 950 609 1012 veritatem
628 951 825 1030 exprimant.’'
865 950 993 1010 Frustra
1008 949 1068 1010 ista

120 1043 236 1119 omnia;
257 1045 373 1105 etiamsi
393 1046 456 1126 ipse
476 1046 508 1107 in
521 1046 635 1127 poculis
649 1047 782 1108 ebriosus
797 1046 907 1126 aliquid
920 1045 1069 1127 enuntiet,
1141 1097 1143 1108 .

119 1141 201 1220 quod
225 1141 437 1202 documentum
460 1143 518 1202 erit
544 1143 576 1203 id
598 1163 700 1204 verum
724 1142 814 1204 esse?
849 1143 897 1204 sic
920 1141 1064 1214 tenetote,

119 1236 208 1297 modo
236 1237 274 1298 ad
300 1236 404 1298 cistam
431 1239 571 1318 suffragia
597 1239 741 1310 celentur,
764 1243 869 1318 postea
894 1238 1006 1298 nemini
1032 1257 1068 1297 ea

120 1333 201 1393 cert&
228 1334 353 1395 attribui
379 1354 475 1415 posse.
514 1337 585 1396 Nou
609 1335 713 1396 dubito
737 1335 810 1415 quin
832 1334 1067 1414 improbissimus

121 1428 245 1510 quisque
266 1451 336 1491 suos
359 1439 482 1512 propter
502 1433 657 1511 opiniones
677 1432 839 1512 puniturus
863 1429 922 1506 sit;
944 1434 1068 1511 propter

122 1526 295 1606 suffragium
308 1526 378 1588 verb
391 1546 576 1608 nequaquam
588 1529 709 1609 poterit.

161 1623 283 1684 Tabella
292 1623 447 1695 ambitum,
456 1624 537 1684 illam
548 1631 671 1704 pestem,
684 1626 793 1704 magnb
804 1646 840 1686 ex
851 1630 938 1707 parte
947 1623 1067 1684 levabit.

121 1713 196 1792 Quis
218 1719 297 1779 enim
317 1720 441 1800 posthac
461 1720 550 1781 alicui
569 1721 721 1800 largietur,
744 1743 836 1803 quum
855 1720 949 1782 oculis
966 1719 1066 1781 videre

119 1831 182 1871 non
200 1815 304 1892 possit,
318 1835 357 1874 sn
374 1815 415 1886 id,
435 1817 513 1895 quod
535 1817 659 1895 rogavit,
673 1817 799 1896 pecuniis
819 1824 996 1878 consecutus
1017 1816 1066 1890 rit,

121 1927 224 1980 necne,
245 1919 262 1944 ‘⁶
273 1910 339 1983 Sed,
360 1912 386 1971 si
406 1932 467 1973 non
487 1913 596 1991 singuli
614 1913 757 1982 homines,
777 1920 809 1974 at
829 1919 909 1975 certe
929 1914 1067 1974 universa

120 2003 255 2065 vicinitas
280 2007 394 2068 ambitu
415 2009 519 2069 confici
542 2015 650 2088 potest.
693 2010 782 2086 Quid,
804 2009 830 2071 ei
853 2009 930 2070 Milo
951 2007 1067 2090 quidvis

119 2101 252 2180 pecuniae
264 2103 342 2182 apud
355 2111 522 2185 sequestres
532 2106 726 2179 collocaverit,
736 2127 823 2187 quam
837 2126 870 2167 se
879 2111 949 2167 ante
962 2125 1066 2166 nume·

120 2203 257 2258 raturum
270 2218 334 2260 esse
347 2207 447 2280 neget,
460 2222 548 2282 quarn
562 2207 682 2263 senator
694 2203 791 2264 factus
806 2202 929 2263 fuerit.”
969 2205 1067 2280 Argu-

120 2293 182 2354 tius
202 2294 313 2357 sedicet
330 2296 386 2358 iste
404 2298 461 2359 sibi
473 2299 590 2361 videtur
604 2299 764 2381 disputare,
778 2300 830 2361 sed
848 2299 928 2361 haud
948 2300 1008 2360 scio
1026 2320 1067 2361 an

119 2389 177 2451 hoe
197 2411 266 2452 eum
284 2392 432 2465 fefellerit,
452 2401 522 2475 post
542 2396 661 2458 comitia
681 2397 782 2458 habita
800 2397 902 2476 plures
918 2395 955 2455 ad
975 2415 1066 2475 pecu-

116 2487 199 2548 niam
220 2489 379 2567 petendam
403 2510 421 2550 a
443 2491 597 2572 designato
619 2491 788 2572 prodituros
810 2512 884 2569 esre,
904 2512 992 2573 quam
1013 2492 1066 2572 qui

117 2583 259 2662 suffragia
277 2583 306 2644 oi
326 2584 476 2648 tulissent.
518 2589 593 2648 Tum
613 2608 692 2658 ver0‚
707 2593 742 2648 ut
760 2588 874 2668 opinor,
887 2586 1064 2668 proditionis

116 2678 246 2759 auspicio
264 2679 296 2739 in
310 2680 413 2742 castris
431 2682 552 2745 orietur.
593 2682 742 2744 Nonnulli
762 2703 872 2757 eorum,
886 2683 937 2763 qui
954 2682 1063 2743 amicos

115 2794 183 2835 esse
195 2775 416 2854 profiterentur,
434 2798 471 2838 ex
489 2779 720 2840 adversariorum
734 2776 870 2858 partibus
890 2779 1002 2853 adesse,
1016 2797 1064 2838 vc-

114 2890 224 2951 rosque
245 2871 355 2934 militer
379 2873 539 2954 spoliorum
563 2881 643 2936 sorte
666 2875 782 2954 privare
803 2873 1061 2934 existimabuntur.

114 2966 226 3028 Tacita
240 2969 366 3048 querele
379 2970 412 3030 in
425 2976 528 3051 aperta
540 2969 672 3032 convicia
690 2974 857 3050 erumpent.
899 2969 969 3029 Fiet
983 2990 1062 3047 qua-

113 3063 191 3124 stio:
215 3071 352 3125 sumetur
369 3065 402 3125 in
418 3067 560 3146 quosdam
580 3066 768 3148 supplicium,
787 3064 866 3144 quod
889 3067 926 3124 de
948 3064 1063 3125 ambitu

113 3157 195 3237 leges
222 3161 439 3222 severissimum
463 3163 607 3224 sanciant.
649 3163 725 3240 Quis
749 3167 849 3223 autem
872 3181 935 3222 nou
957 3161 1061 3235 sentit,

88 3253 194 3333 ·quod
217 3254 342 3334 quilibet
364 3257 397 3317 in
420 3258 600 3338 quotidianis
621 3259 729 3320 libellis
752 3257 850 3338 legere
872 3257 977 3338 possit,
998 3276 1072 3318 rem

113 3365 233 3430 semper
245 3370 391 3424 emanare,
406 3353 431 3413 si
444 3354 510 3433 quir
528 3354 627 3414 minus
646 3354 801 3433 acceperit,
817 3373 903 3434 quam
918 3352 975 3414 sibi
991 3372 1061 3434 pro·

112 3446 238 3507 missum
252 3446 339 3518 foret,
353 3452 406 3508 aut
423 3448 489 3510 aliis
503 3449 604 3510 datum
619 3452 668 3511 sit.
710 3449 790 3527 Quid
803 3451 882 3534 quod
901 3448 975 3512 illud
988 3470 1061 3511 neu·
