2510 3962
638 16 675 73 14

181 177 360 248 libertatem,
374 180 410 238 ut
423 173 550 256 populus
569 174 755 236 volontatem
770 181 853 235 stam
873 173 1011 252 declaret,
1024 173 1123 238 candi·

182 275 268 335 datos
291 273 323 334 id
349 282 466 334 acturos
492 292 567 343 esse,
589 276 626 332 ut
647 271 773 342 ratione,
796 272 938 352 populum
965 273 1124 333 conficiant

178 368 419 450 populumyverd
450 367 693 428 concionantibus
720 368 814 446 magia
842 367 1123 447 obtemperaturum.

179 467 309 526 Tantum
323 464 407 525 abest
419 470 456 524 ut
469 463 523 524 hac
531 463 647 524 ratione
661 463 760 524 studia
772 463 925 535 tollantur,
934 469 970 524 nt
983 464 1015 524 in
1028 464 1124 544 majus

178 566 345 640 augeantur
357 564 389 620 et
411 560 653 640 praetermodum
674 561 852 630 excitentur,
872 581 963 640 quum
980 581 1067 622 nemo
1083 561 1125 622 sit

180 657 413 730 existimaturos,
427 657 573 736 suffragiis
595 656 748 727 devinctis,
761 677 824 718 rem
839 656 1015 738 jamdudum
1028 663 1125 718 actam

179 775 254 827 esse,
270 760 301 814 et
315 755 488 814 confectam.

191 898 193 902 ,
220 849 331 926 “Quid
344 854 445 910 autem
457 849 537 910 facto
551 867 625 928 opus
640 853 695 922 est,
710 845 735 908 si
753 847 872 909 comitia
883 853 1006 928 propter
1018 848 1126 910 vitium
1232 837 1234 845 '

180 943 392 1026 proferantur?
414 944 559 1024 quomodo
572 963 641 1003 vera
655 943 795 1021 suffragia
808 963 845 1004 ex
858 943 966 1004 fucatis
980 943 1126 1023 distingui

181 1038 348 1120 poterunt?
378 1039 496 1120 Quippe
517 1036 627 1098 tabella
650 1057 718 1098 cum
739 1044 854 1098 mentes
878 1038 1040 1108 hominum,
1059 1043 1127 1100 tum

181 1136 302 1196 nomina
321 1134 428 1214 tegit.”
470 1133 516 1193 Tu
534 1133 670 1194 videlicet
693 1133 766 1192 mihi
790 1133 962 1212 scrupulum
984 1133 1125 1214 injecisti.

184 1229 283 1306 Quare
297 1229 410 1290 summi
424 1229 579 1308 diligentie
596 1235 689 1303 utare,
704 1247 762 1307 quo
778 1228 1005 1308 municipiorum
1017 1228 1127 1290 tabulae

180 1326 346 1388 accuratius
359 1331 561 1397 casamentum
583 1325 629 1384 fac
642 1345 729 1384 nemo
742 1324 775 1384 in
788 1324 895 1385 civium
906 1324 1047 1402 :ordinem
1060 1325 1127 1386 sine

180 1422 388 1503 provocatione
401 1420 574 1493 ascribatur,
590 1439 645 1479 nec
659 1425 766 1480 cuncta
779 1419 812 1480 in
825 1419 1054 1482 caussidicorum
1062 1442 1126 1482 ma-

180 1518 269 1582 nibus
293 1518 363 1578 sint.
405 1517 505 1594 Quum
523 1525 622 1576 autem
641 1515 722 1576 omni
738 1515 821 1596 prius
841 1519 929 1576 cauta
941 1523 1039 1585 erunt.
1058 1522 1127 1578 turn

182 1615 300 1678 demum
313 1615 358 1674 nil
371 1620 524 1674 metuasne
541 1611 614 1673 vitio
632 1611 786 1692 quisquam
806 1617 932 1672 creetur.
973 1613 1033 1674 Sed
1045 1613 1128 1676 idem
1244 1679 1245 1690 ,

181 1731 236 1789 ego
250 1709 397 1770 contendo
410 1708 485 1770 nihil
498 1729 563 1770 esse
576 1728 681 1779 causae,
694 1728 748 1770 cur
760 1707 881 1768 nomina
890 1728 1006 1788 quoque
1019 1709 1126 1770 suffra-

181 1813 318 1886 gatorum
333 1805 490 1884 diligenter
499 1806 653 1885 obsignata
666 1824 727 1865 non
739 1803 772 1864 in
785 1803 873 1866 cistas
887 1811 1043 1886 ponantur,
1059 1826 1127 1884 quoe

181 1903 255 1984 ipsis
276 1901 462 1963 senatoribus
482 1902 633 1981 resignare
657 1900 753 1972 liceat,
778 1899 804 1960 si
827 1901 892 1981 quis
915 1902 987 1962 vitio
1006 1907 1133 1962 creatus

181 2019 247 2059 ease
261 1999 446 2059 existimatus
460 1997 528 2060 erit.
558 1998 656 2075 Quam
667 1997 813 2058 rationem
828 1999 928 2080 accepi
941 1999 977 2059 ab
989 1998 1125 2058 Australi

180 2095 232 2156 illc
245 2095 333 2165 terrai,
347 2101 378 2154 et
400 2115 485 2175 spero
499 2113 546 2154 me
566 2114 629 2154 non
648 2094 736 2155 nimis
754 2114 841 2155 nares
862 2096 1040 2156 offensurum
1053 2114 1124 2154 acu-

181 2191 362 2253 tissimorum
375 2191 493 2252 illorum
509 2191 686 2272 scriptorum
700 2191 752 2272 qui
769 2212 859 2271 quum
878 2192 1003 2271 singulis
1016 2190 1127 2252 nundi-

181 2289 229 2352 nis
242 2309 289 2348 res
302 2287 494 2368 hominesque
508 2287 691 2348 severissime
704 2288 899 2361 insectentur,
915 2288 953 2348 iis
969 2289 1127 2349 vehemen-

182 2385 230 2441 ter
243 2387 445 2452 succenseant,
459 2379 510 2460 qui
523 2386 585 2440 tam
599 2386 770 2459 arrogantes
784 2385 815 2440 et
828 2380 956 2461 pueriles
970 2380 1031 2440 sint
1044 2379 1127 2440 vide-

180 2477 259 2550 licet,
275 2481 312 2536 nt
322 2477 501 2537 coloniarum
519 2481 688 2537 nostrarum
706 2476 738 2536 in
751 2476 883 2555 vestigiis
901 2475 1129 2554 ingrediantur;

180 2572 304 2653 proinde
312 2571 397 2653 qnasi
406 2572 465 2634 ista
474 2572 603 2633 convicia
610 2572 776 2652 quempiam
787 2578 996 2634 commoveant.
1018 2572 1130 2634 Malim

182 2669 361 2730 sententiam
375 2669 502 2730 audiatis
514 2690 614 2730 rernm
627 2667 799 2749 peritissimi
811 2669 867 2730 viri
875 2669 898 2742 ¹¹,
909 2669 969 2749 qui,
979 2689 1076 2750 nuper
1089 2689 1130 2732 ex

181 2765 314 2826 Australi
333 2765 506 2825 continente
526 2764 628 2840 redux,
642 2765 675 2827 in
697 2765 837 2828 concione
856 2764 972 2838 dixerit,
989 2785 1020 2826 se
1039 2786 1127 2828 sena.

182 2865 276 2921 torem
301 2861 360 2920 illic
381 2861 494 2921 iactum
518 2859 684 2922 delabere
707 2861 803 2921 multa
825 2860 949 2930 vidisse}
977 2880 1129 2937 nusquam

181 2955 300 3015 comitia
324 2955 454 3035 quietius
478 2955 580 3016 haberi
587 2976 596 3027 ;
619 2976 765 3036 nusquam
784 2961 913 3017 terrores
931 2961 962 3016 et
980 2955 1130 3018 ambitum
1159 3005 1163 3013 .

181 3048 281 3110 minus
294 3050 403 3130 vigere.
444 3050 560 3112 Idcirco
579 3049 649 3112 verd
666 3051 791 3112 maxime
810 3051 948 3113 tabellam
968 3051 1129 3131 profuisse,

181 3145 260 3224 quod
273 3145 337 3226 ipso
352 3145 536 3208 comitiorum
555 3147 610 3221 die,
626 3148 790 3228 presertim
802 3151 1034 3227 vesperascente,
1049 3147 1129 3209 ebri-

181 3245 254 3311 etas,
278 3242 359 3313 rixae,
379 3244 552 3324 turpissima
575 3243 694 3322 largitio
712 3253 792 3304 esset
815 3243 948 3314 sublata3
978 3264 1131 3324 nusquam

182 3336 318 3398 sodalitia
330 3346 572 3420 pervagarentur,
586 3360 682 3420 neque
696 3339 778 3400 cerni
793 3347 894 3419 posset
907 3339 1130 3404 vinolentorum
1244 3401 1245 3410 ,

357 3463 370 3498 l
386 3469 435 3520 Mr.
442 3469 562 3520 Childsra'
575 3469 662 3534 speech
673 3483 706 3520 on
716 3469 759 3520 the
770 3469 865 3532 Ballot,
875 3466 947 3522 1860.
