2510 3962
660 54 695 112 18

202 203 358 284 aliquando
378 203 435 286 ipsi
453 225 579 285 quoque,
599 204 806 288 locupletiores
831 206 942 269 scilicet
963 207 1042 279 facti,
1062 207 1144 269 initi·

202 309 300 362 entur.
344 302 536 382 Oegregiam
554 303 758 384 disciplinam!
795 304 1009 384 Opraeclarum
1028 311 1142 384 specta-

201 398 317 459 culum!
337 398 484 459 liberosno
504 400 591 470 cives,
609 401 755 472 manibus,
772 401 856 482 quasi
875 410 944 481 post
963 407 1047 481 terga
1063 401 1143 462 rinc·

199 496 280 566 nam,
294 493 444 556 eblandita
456 493 502 554 vel
520 499 629 566 coacta,
643 517 705 556 non
719 498 872 558 enucleata
886 499 1024 577 suffragia
1037 498 1114 559 ferre
1126 499 1154 560 l·

112 661 113 666 ἵ
198 585 306 651 Nonne
320 591 453 671 jucunda
472 596 518 650 est
541 610 641 650 eorum
660 592 814 665 festivitas,
832 593 884 671 qui
904 595 941 654 dc
955 595 1142 656 comitiorum

199 687 345 767 dignitato
365 688 442 748 idem
467 707 583 766 semper
603 688 786 750 decantent?
826 690 955 752 Valeant
978 690 1023 751 hm
1046 691 1141 752 aniles

198 784 327 864 ineptia.
370 783 459 861 Quid,
474 784 499 844 si
511 803 550 844 nc
563 785 711 845 commissi
724 784 841 866 quidem
855 786 887 846 in
901 787 956 848 hoo
974 807 1083 865 genere
1102 787 1152 848 sit'

199 880 303 950 oratio,
318 879 370 940 sed
390 880 529 960 suffragio
552 879 600 940 uti
613 881 718 960 cuique
734 881 802 960 jure
816 881 927 948 liceat?
963 883 1021 943 Sed
1039 883 1142 945 istius·

197 976 278 1038 modi
290 977 422 1056 argutias
434 976 472 1036 iis
483 975 627 1056 relinquo,
642 977 692 1056 qui
710 977 849 1038 subtilius
863 979 1019 1050 disserant,
1033 986 1142 1060 utpote

198 1093 263 1153 que
277 1072 390 1133 adrem
403 1091 506 1152 perum
520 1071 699 1151 pertineant.

237 1167 377 1235 “Quidni
389 1168 498 1248 inipso
510 1188 625 1248 quoque
640 1171 753 1238 senatu,
766 1166 831 1246 lege
842 1168 889 1229 rel
901 1170 1055 1250 rogatione
1068 1172 1140 1234 scis-

197 1263 299 1334 cendt,
318 1263 427 1324 tabella
444 1263 630 1323 ministratur
642 1261 676 1323 ?’'
717 1263 761 1322 At
780 1263 828 1324 hio
847 1283 913 1324 curn
931 1285 964 1324 re
984 1267 1142 1327 commines

196 1359 313 1439 agitur:
342 1359 434 1436 Quasi
460 1379 547 1418 nemo
573 1363 676 1418 noscat
703 1363 853 1419 senatores
878 1360 982 1440 populi
1008 1381 1072 1422 esse
1098 1363 1149 1424 le·-

196 1462 290 1535 gatos‚
309 1455 415 1535 quibus
432 1454 521 1525 illius,
541 1474 603 1514 non
623 1473 710 1514 suum
729 1455 882 1534 negotium
899 1457 939 1516 ait
959 1457 1141 1531 mandatum,

194 1572 321 1632 voceque
334 1552 366 1611 in
380 1551 527 1611 senatorio
541 1549 679 1628 suffragio
694 1570 768 1630 opus
781 1571 855 1622 esse,
866 1573 904 1612 ne
917 1553 968 1632 qui
981 1553 1078 1616 fraudi
1092 1558 1139 1618 in-
1245 1589 1246 1592 ¹

192 1649 314 1732 jurisve
328 1648 426 1709 aditus
440 1647 487 1708 sit.
529 1646 700 1707 Praesidium
715 1647 793 1727 quod
806 1648 909 1709 ovibus
929 1650 1051 1730 petitur,
1066 1674 1140 1715 num

195 1744 226 1806 id
240 1745 318 1825 lupis
328 1743 518 1805 tribuendum
530 1747 575 1804 est
587 1741 602 1803 l

234 1841 278 1900 At
301 1839 501 1900 Romanorum
523 1838 656 1919 exemplo
677 1838 852 1914 admonendi
872 1860 982 1900 sumus.
1023 1841 1140 1904 Nostra

194 1935 307 1995 seilicet
327 1934 428 1994 civitas
448 1933 484 1994 ab
504 1932 563 1992 illis
583 1953 687 2013 parum
707 1934 837 1996 dissidet.
881 1934 987 2010 Quid?
1025 1937 1138 1997 Nonne

193 2031 242 2094 lex
257 2031 385 2092 Gabinia
397 2035 461 2090 tum
482 2031 598 2090 demum
617 2030 679 2091 lata
692 2036 739 2091 est
752 2038 906 2112 postquam
919 2032 1081 2113 respublica
1100 2033 1136 2094 in
1149 2061 1154 2078 ι

165 2128 350 2208 ,perniciem
377 2127 437 2188 labi
457 2126 613 2207 coeperat?
662 2129 771 2188 Nonne
793 2128 1153 2191 internecivum-bellum·

193 2223 273 2285 inter
290 2224 447 2304 optimates
468 2229 499 2282 et
519 2222 634 2303 plebem
653 2223 795 2283 indictum
813 2223 899 2284 erat?
940 2225 1051 2285 Nonne
1069 2230 1140 2287 tota

193 2322 238 2384 rei
263 2319 503 2382 administranda
526 2323 602 2380 ratio
626 2319 784 2399 depravata
808 2320 894 2380 erat?
928 2322 1067 2402 Iniquum
1089 2326 1140 2383 est

192 2418 224 2479 id
237 2418 351 2478 tabellae
364 2417 436 2477 vitio
451 2417 530 2487 dare,
544 2415 623 2495 quod
635 2417 668 2476 in
681 2417 732 2476 illa
744 2437 842 2477 rerum
856 2417 1026 2478 conditione
1038 2417 1139 2480 minus

192 2513 355 2594 prodesset.
384 2511 464 2590 Quid
477 2511 556 2592 quod
568 2531 607 2572 ne
619 2513 822 2573 voluntatibus
836 2513 953 2593 quidem
966 2514 1012 2574 uti
1025 2515 1138 2594 populo

191 2609 326 2672 licebat?
349 2609 426 2690 quod
447 2608 573 2670 comitiis
594 2607 699 2669 armati
718 2609 937 2689 praesidebant?
978 2609 1054 2686 Quis
1073 2631 1140 2672 non

192 2707 345 2768 meminitn
365 2705 520 2766 Clodianas
544 2725 647 2784 operas
667 2711 774 2785 pontes
793 2707 949 2786 aliquando
965 2725 1138 2786 occupasse,

191 2802 316 2863 tabellas
333 2803 377 2862 ita
397 2802 578 2862 ministratas
598 2821 672 2872 esse,
699 2809 735 2862 ut
750 2802 826 2863 nulli
847 2803 976 2873 daretur,
989 2803 1048 2864 nisi
1068 2804 1159 2864 ‘utiv

190 2901 286 2978 rogas’
299 2898 314 2960 Ρ
355 2899 430 2976 Quis
448 2902 546 2957 autem
559 2897 716 2958 affirmabit
729 2917 764 2959 ea
777 2899 856 2980 apud
872 2919 927 2960 nos
940 2898 1005 2960 fieri
1020 2899 1137 2979 posse?

193 2995 268 3072 Quis
294 2995 416 3074 negabit
442 2993 560 3056 comitia
580 2995 691 3054 summa
714 2996 940 3074 magistratuum
959 2995 1138 3074 integritate

189 3092 291 3152 baberi
304 3090 415 3172 posse?

230 3187 288 3248 sed
301 3192 404 3248 eontra
418 3187 589 3248 Ciceronem
602 3189 696 3246 testes
715 3187 864 3248 Romanos
876 3188 1008 3267 produco
1021 3209 1138 3268 eosque

221 3323 239 3348 n
277 3316 283 3329 ·
395 3351 401 3364 ι

218 3403 231 3427 ¹
242 3315 408 3457 Οἰααξᾚη
419 3396 436 3446 i.
448 3396 487 3457 15,
500 3397 592 3463 quoted
602 3397 636 3464 by
643 3397 671 3448 C.
683 3399 713 3450 a.
725 3397 832 3450 Denison
843 3399 870 3449 in
881 3415 896 3450 a
906 3399 1035 3465 pamphlet
1045 3415 1077 3451 on
1088 3403 1137 3454 the

186 3476 281 3527 Ballot.
