2510 3962
641 71 678 126 20

183 212 333 314 ingratum
354 231 480 292 videtur.
523 228 602 289 Sunt
622 245 719 307 porro,
734 224 909 305 quibuscum
924 223 949 283 si
967 222 1032 303 quis
1048 227 1130 302 agat,

183 337 218 390 ut
246 331 383 408 suffragia
405 326 498 388 tacita
526 324 635 405 populo
659 323 844 402 permittant,
872 339 903 380 se
930 314 989 380 illis
1015 324 1132 399 tompo-

182 428 266 488 ribus
290 429 413 504 juvenes
434 421 526 483 fuisse
549 426 639 500 atque
662 419 800 479 ardentes
820 415 1027 496 respondeant,
1049 431 1134 474 nune

182 530 294 596 tamen,
329 527 416 583 aetate
452 519 685 598 ingravescente,
718 533 750 574 se
784 513 877 574 otium
911 511 998 572 malle
1041 531 1134 591 quam

183 619 349 680 forensibus
375 614 487 697 proeliis
514 612 685 674 conflictari.
742 609 855 671 Scitum
883 614 930 669 est
957 607 1033 668 enim
1058 607 1136 668 illud

183 717 353 784 Horatii,-
1110 719 1113 726 '

383 831 399 856 “
406 825 482 876 Lenit
493 824 616 874 albescens
627 822 722 872 animos
733 817 863 884 capillus.’'

184 955 358 1031 Quanquam
385 949 455 1032 quid
477 947 645 1030 praeclarius
672 963 801 1025 unquam
824 943 890 1013 fuit,
916 962 1003 1023 quam
1026 941 1057 1011 ii,
1083 945 1136 1022 qui

184 1052 312 1130 grandes
328 1052 402 1108 natu
415 1066 477 1106 non
489 1045 653 1104 remissiore
671 1044 769 1102 animo
785 1059 821 1100 ea
838 1043 1010 1110 tractarent,
1026 1038 1136 1120 quibus

182 1147 309 1225 juvenes
336 1162 454 1224 operam
481 1141 641 1202 dedissent.
683 1140 735 1198 cui
758 1156 820 1197 non
839 1136 920 1197 venit
944 1136 977 1198 in
998 1141 1140 1199 mentem

186 1263 277 1304 senex
288 1242 337 1301 ilie
347 1241 482 1320 Ulysses,
493 1242 542 1299 cui
553 1237 620 1309 fuit,
630 1241 665 1296 ιιι
676 1234 901 1316 poesaernostri
911 1232 1008 1294 verbis
1018 1239 1141 1304 utar,-

346 1381 363 1406 “
373 1376 506 1440 Ingenium
516 1375 621 1432 ferreus,
633 1373 747 1437 canisque
762 1373 857 1423 invicta
867 1371 964 1436 cupido,

372 1459 446 1508 Sidus
456 1461 486 1508 ut
495 1457 631 1516 occiduum,
642 1455 749 1522 vestigia
759 1455 893 1506 Notitiai.”

226 1597 374 1677 Indagare
392 1595 472 1656 ultra
490 1597 670 1655 flammantia
685 1595 791 1655 moenia
809 1593 928 1664 mundi;
951 1598 1004 1652 aut
1021 1591 1144 1654 Colum-

186 1695 316 1765 basille,
330 1697 389 1775 qui,
403 1713 496 1774 quum
510 1694 606 1752 aetatia
619 1690 721 1751 florem
734 1692 813 1768 apud
826 1708 929 1767 regum
944 1689 1026 1749 aulas
1040 1689 1141 1749 infeli-

187 1795 302 1855 cissime
322 1791 463 1850 morando
485 1790 725 1867 consumpsisset,
742 1785 871 1845 divinum
892 1785 964 1844 iilud
984 1785 1142 1845 consilium

188 1908 303 1969 semper
317 1873 417 1948 secum
431 1885 542 1956 fovens,
556 1884 713 1965 aliquando
726 1883 847 1943 tandem
861 1883 893 1943 iu
908 1881 1022 1943 summa
1035 1903 1141 1943 senec·

187 1992 255 2046 tute
275 2005 329 2064 per
347 1988 430 2044 vasta
450 1981 549 2050 maria,
569 1981 634 2040 velo
654 2000 803 2060 nunquam
824 1984 894 2040 ante
914 1980 1047 2060 trajecta,
1067 1999 1138 2058 pro-

188 2081 285 2143 iectus
307 2086 363 2150 est,
385 2084 418 2140 ut
443 2081 513 2140 novi
533 2078 613 2139 orbis
633 2083 776 2138 terrarum
797 2097 867 2158 opes
888 2077 1013 2137 humano
1033 2080 1141 2155 generi

188 2176 339 2259 aperiret?

229 2276 346 2351 Quotus
369 2279 467 2333 autem
485 2269 607 2351 quisque
629 2271 790 2342 invenitur,
807 2271 857 2349 qui
879 2273 919 2330 sit
942 2273 985 2330 ita
1006 2273 1143 2334 moratus
1243 2301 1244 2306 ι

188 2383 222 2430 ut
249 2366 433 2429 Columbusi
464 2368 542 2448 quod
564 2368 654 2426 etiarn
677 2368 770 2425 rarius
791 2367 898 2427 accidit
919 2366 1008 2428 iniis
1029 2370 1081 2449 qui
1101 2373 1144 2430 ad

187 2467 395 2548 rempublicam
417 2486 448 2525 se
469 2463 662 2525 contulerunt
682 2484 768 2544 quam
784 2466 816 2524 in
834 2467 869 2525 iis
888 2468 936 2544 qui
956 2486 1055 2526 rerum
1068 2486 1143 2546 cog-

188 2567 303 2625 uitione
330 2561 521 2641 doctrinisque
544 2559 738 2632 delectantur,
781 2560 965 2638 Quamquam
990 2571 1144 2624 unumst

189 2659 357 2722 constantii
378 2664 409 2718 ct
429 2657 558 2736 ingenio,
580 2678 646 2717 cum
668 2659 700 2716 in
723 2677 755 2718 re
775 2658 861 2728 civili,
882 2664 946 2718 tum
970 2659 1002 2719 in
1029 2660 1144 2723 litteris
1243 2649 1244 2664 ¹

189 2756 464 2838 praestantissimum
495 2743 615 2832 possum
649 2754 810 2824 nominare,
845 2755 1053 2828 Maesuluium,
1088 2762 1145 2838 qui

190 2872 286 2933 nuper
310 2853 434 2910 maximo
460 2869 578 2910 auorum
602 2871 725 2910 moerore
748 2857 882 2912 mortuus
904 2859 960 2914 est.
1002 2855 1067 2916 Diu
1090 2859 1145 2919 ille

186 2949 306 3030 juvenis
324 2966 378 3026 pro
397 2944 508 3005 civibus
524 2947 679 3016 dimicavit,
696 2947 830 3023 idemque
842 2969 912 3010 ¹aevo
931 2953 1076 3012 maturior
1094 2960 1145 3016 ta.

189 3044 318 3105 bellariae
328 3041 403 3120 legis
418 3061 520 3102 suasor
534 3047 616 3126 erat.¹
1242 3027 1243 3038 ³

228 3138 295 3198 Nec
316 3137 471 3217 quisquam
492 3137 525 3196 iu
548 3137 682 3197 animum
704 3137 828 3200 inducat
854 3161 910 3201 nos
932 3142 1051 3204 tabella
1074 3165 1146 3208 esse

189 3232 410 3294 amantissimos
424 3237 478 3292 aut
491 3234 632 3294 tabellam
646 3254 700 3313 per
714 3255 746 3294 se
759 3235 854 3316 ipsam
873 3238 1071 3316 expetendam
1087 3240 1147 3302 du-

190 3350 267 3404 cere,
287 3350 352 3410 quae
372 3328 488 3388 frontes
509 3329 624 3410 aperiat
648 3330 811 3402 hominurn,
832 3339 949 3395 mentes
972 3340 1068 3414 tegat,
1088 3338 1148 3399 sed

223 3497 234 3528 ι
251 3489 430 3555 Tenupson-“
439 3491 496 3540 And
507 3464 559 3541 this
569 3509 635 3558 gray*
645 3494 717 3558 spirit
728 3494 848 3572 ysurniug
856 3496 918 3545 with
930 3497 1033 3556 desire,”
1044 3498 1088 3550 dac.
